2559 3609
1133 482 1447 519 —16—

379 583 482 607 more
509 568 710 607 decurrunt
735 573 771 602 et
797 563 1037 615 colliguntur.
1070 561 1270 600 Praedicto
1303 562 1365 599 isti
1392 561 1603 606 tuberculo,
1639 568 1771 598 natura
1798 559 1998 596 musculari
2023 558 2202 612 praedito,

376 635 560 678 tamquam
588 622 811 663 continuatio
837 621 965 673 ipsiuS,
991 620 1167 673 parvulus
1192 619 1303 657 tendo
1322 618 1572 670 subsequitur,
1593 618 1649 655 cui
1661 617 1949 669 superimposita
1974 616 2069 668 septi
2089 616 2206 653 atrio-·

376 698 459 720 rum
485 683 586 720 basis
612 690 810 732 utrumque
830 679 875 717 ad
894 679 991 716 latus
1016 679 1055 716 in
1076 691 1276 729 supparum
1304 676 1484 729 quoddam
1510 675 1715 728 procurrit,
1752 689 1771 712 e
1804 688 1875 726 quo
1902 688 2019 725 nuper
2045 672 2215 712 comme?

378 748 544 778 moratae
579 739 748 777 valvulae
786 737 967 774 atriorum
1005 736 1221 773 conflantur.
1259 734 1388 771 Tendo
1424 742 1640 785 praeterea,
1677 733 1721 770 de
1757 746 1827 784 quo
1862 745 1986 769 sermo
2021 739 2096 775 est,
2124 731 2202 768 fere

377 797 549 836 omnihus
576 797 671 849 septi
697 794 989 833 ventriculorum
1025 792 1226 830 trabeculis
1279 791 1423 829 carneis
1451 791 1549 828 dicto
1576 790 1684 827 modo
1712 789 1898 831 collectis,
1926 789 2087 841 oppositi
2114 803 2202 841 quo-

379 870 447 907 que
476 855 629 907 parietis
656 851 877 905 posterioris
905 864 970 887 seu
997 849 1139 901 proprii
1168 848 1334 898 ejusdem
1360 848 1554 886 ventriculi
1582 848 1728 898 colligit
1752 846 1964 884 trabeculas
1991 854 2027 883 et
2057 847 2202 891 {initur3

376 920 600 965 quapropter
622 911 667 948 ab
694 910 788 961 ipso,
816 907 1011 945 insertioni
1038 906 1312 943 trabecularum
1346 919 1562 942 carnearum
1600 905 1676 942 fere
1704 904 1865 941 omnium
1891 903 2086 940 ventriculi
2113 904 2200 940 sini-

374 970 453 1014 stri,
480 970 599 1006 locum
627 967 705 1005 dari
733 973 874 1004 constat
906 968 947 1013 ¹).

752 1084 795 1151 ξ.
834 1084 881 1133 ll.
922 1081 1216 1150 Trajectus
1254 1079 1538 1150 sanguinis
1575 1096 1673 1148 per
1711 1096 1823 1130 cor.

476 1194 613 1241 Quum,
639 1200 829 1229 structura
855 1189 1060 1227 anatomica
1090 1187 1198 1230 ducti,
1213 1187 1268 1223 vel
1287 1186 1425 1223 nullam
1444 1186 1481 1223 in
1494 1185 1606 1223 corde
1624 1185 1817 1236 sanguinis
1836 1184 2013 1223 arteriosi
2035 1193 2070 1222 et
2089 1198 2200 1221 veno—

373 1250 404 1287 si
423 1250 550 1302 persici
581 1249 789 1292 mixturam,
814 1246 872 1283 vel
900 1246 1032 1283 saltem
1059 1252 1179 1281 totum
1208 1244 1283 1280 fere
1314 1244 1533 1294 sanguinem
1562 1243 1783 1280 arteriosum
1811 1242 1970 1280 arteriae
1997 1256 2201 1292 anonymae

375 1308 522 1349 ostium,
551 1316 668 1344 totum
696 1306 772 1343 fere
798 1317 974 1341 vellosum
1003 1311 1124 1339 autem
1154 1302 1250 1339 ostia
1277 1309 1404 1338 aortae
1436 1301 1611 1338 sinistrae
1647 1308 1682 1337 et
1709 1301 1868 1338 arteriae
1894 1299 2117 1352 pulmonalis
2145 1299 2201 1336 in-

371 1365 499 1416 gredi,
528 1364 747 1401 concludere
774 1362 979 1414 possimus,
1008 1360 1095 1398 milli
1124 1359 1307 1411 duplicem
1336 1372 1478 1410 quoque
1506 1366 1541 1395 et
1569 1357 1778 1395 distinctam
1798 1357 2087 1400 circulationem,
2116 1371 2200 1393 san—

371 1422 498 1472 guinis
518 1421 691 1459 arteriosi
716 1429 751 1458 et.
778 1419 905 1457 venosi
932 1419 1090 1471 inquam,
1118 1431 1184 1469 per
1215 1431 1277 1453 cor
1305 1416 1498 1453 admittere
1526 1415 1643 1452 liceat.

473 1480 572 1517 Ecce
609 1479 699 1522 iter,
727 1477 844 1530 quod,
885 1476 1124 1527 sanguinem,
1163 1489 1180 1511 e
1214 1474 1345 1512 stricta
1386 1473 1509 1511 cordis
1537 1481 1705 1510 anatome
1742 1486 1858 1524 nuper
1892 1472 2100 1516 elaborata,
2136 1485 2201 1508 ne-

376 1537 540 1574 cessario
570 1537 749 1574 facturum
778 1549 877 1580 esse,
905 1541 1155 1584 argumentor.

892 1651 943 1684 A.
969 1649 1216 1684 Cir-culatio
1240 1648 1484 1690 sanguinis
1507 1646 1683 1681 venosi.

477 1734 645 1784 Sanguis
680 1747 860 1777 venosus,
899 1732 933 1769 in
969 1731 1089 1768 sinum
1127 1745 1303 1768 venosum
1339 1737 1560 1780 congestus,
1598 1742 1664 1780 per
1702 1728 1839 1765 ostium
1875 1725 2039 1778 ejusdem
2067 1725 2200 1763 atrium

373 1794 544 1831 dextrum
579 1792 711 1836 intrat,
747 1798 783 1827 et
816 1790 868 1827 ita
894 1789 1081 1839 dirigitur,
1111 1796 1150 1825 ut
1184 1788 1343 1825 maxima
1371 1802 1415 1825 ex
1442 1795 1545 1839 parte
1572 1786 1609 1823 in
1636 1786 1757 1822 sinum
1784 1784 1868 1822 atrii
1897 1784 2015 1821 dextri
2043 1784 2200 1835 recipia-

374 1860 442 1889 tur.
473 1851 560 1898 Quo
589 1850 706 1891 sacto,
734 1848 887 1899 hujusce.
915 1847 999 1883 atrii
1027 1846 1172 1896 systole
1198 1847 1386 1897 sequitur⁷
1411 1845 1593 1896 sinmlque
1629 1843 1791 1881 onmium
1818 1842 2091 1880 trabecularum
2119 1856 2201 1879 car-

373 1923 523 1946 nearum
550 1922 617 1945 nec
650 1921 722 1944 non
750 1906 860 1943 trium
883 1904 1135 1941 musculorum
1169 1903 1402 1955 papillarium
1430 1903 1597 1939 valvatae
1625 1902 1728 1938 sinus
1756 1900 1883 1937 venosi
1911 1900 2125 1937 contractio.
2150 1900 2200 1936 Hi

372 1975 451 2004 tres
479 1966 622 2018 parvuli
650 1964 806 2002 musculi
834 1963 1010 2014 angulum
1037 1962 1268 2013 superiorem
1296 1961 1464 1998 xalx‘ulae
1491 1960 1555 1997 tali
1585 1959 1691 1997 modo
1719 1973 1870 1996 sursum
1898 1965 1996 1995 recta
2025 1957 2200 1998 educunt,

373 2034 412 2062 ut
446 2024 528 2061 inde
562 2023 727 2075 ejusdem
763 2022 849 2058 ostii
885 2028 1062 2072 sequatur
1099 2019 1281 2063 occlusio,
1319 2031 1413 2070 quae
1442 2032 1483 2054 eo
1519 2025 1710 2069 praeterea
1737 2016 1952 2066 adjuvatur,
1989 2014 2086 2067 quod
2113 2015 2200 2051 atrii

372 2083 508 2135 paries,
538 2082 633 2119 ostio
661 2081 715 2117 illi
742 2080 953 2130 subjectus.
991 2078 1271 2115 membranosus
1310 2090 1419 2127 quum
1446 2075 1513 2120 sit,
1541 2075 1649 2111 simul
1677 2088 1759 2111 cum
1786 2073 1855 2110 hoc
1881 2087 2030 2109 sursum
2057 2086 2201 2124 quoque

374 2140 553 2179 educitur,
582 2146 618 2175 et
635 2138 768 2189 plicam
789 2135 979 2188 quamdam
1001 2135 1306 2185 longitiulinalem
1334 2133 1597 2185 temporariam
1625 2132 1809 2175 ell'ormat,
1838 2133 1943 2181 eujus
1971 2144 2039 2181 ope
2066 2130 2201 2166 ostium

372 2197 469 2235 idem
498 2196 658 2247 perfecte
685 2194 900 2231 occluditur.

476 2254 619 2291 Eodem
654 2261 842 2300 tempore,
883 2250 1079 2301 sanguinis
1116 2248 1211 2285 unda
1246 2263 1265 2284 a
1301 2256 1491 2285 contracto
1519 2248 1600 2284 sinu
1630 2246 1815 2283 auriculae
1843 2245 1994 2281 dextrae
2028 2244 2064 2280 in
2097 2244 2200 2280 oriti-

375 2313 469 2350 cium
507 2309 878 2348 atrio-ventrieutare
915 2311 1076 2358 rejecta,
1105 2306 1173 2342 hoc
1210 2320 1274 2356 per
1302 2306 1436 2342 ostium
1462 2304 1608 2347 transit,
1636 2312 1671 2341 et
1698 2303 1879 2340 valvulam
1908 2301 2073 2353 ejusdem
2100 2309 2201 2338 recta

376 2371 548 2408 deorsum
576 2367 736 2405 invertit.
764 2367 873 2404 Haec
901 2373 1030 2403 contra
1057 2363 1250 2401 ventriculi
1279 2363 1421 2400 sinistri
1450 2363 1586 2400 exitum
1615 2362 1836 2413 adplicatur,
1865 2363 1969 2410 cujus
1998 2359 2200 2396 communi-

420 2528 446 2557 ¹)
472 2524 574 2560 Quoad
598 2523 724 2559 hujilsee
749 2522 878 2549 tcndinis
903 2521 1034 2549 officium
1060 2529 1095 2546 ex
1121 2528 1152 2545 re
1178 2525 1223 2546 est
1248 2524 1370 2550 notare,
1397 2527 1488 2556 quum
1520 2517 1676 2554 sanguinis
1714 2516 1790 2543 unda
1814 2514 1972 2541 venit-iculi
1997 2514 2051 2540 suh
2076 2514 2200 2541 diastole

479 2584 586 2613 magno
612 2584 677 2602 cum
708 2575 819 2609 impetu
854 2574 882 2599 in
920 2573 1013 2599 basim
1039 2580 1091 2598 scu
1115 2571 1262 2599 fornicem
1300 2572 1364 2599 cavi
1389 2570 1507 2597 sinistri
1532 2578 1585 2596 seu
1610 2568 1790 2604 posterioris
1815 2566 1927 2597 cordis,
1952 2574 2026 2602 quae
2051 2564 2086 2592 ab
2110 2565 2201 2591 atrio-

478 2636 543 2654 rum
569 2631 681 2654 tantum
705 2626 835 2653 valvulis
861 2625 967 2651 dextra
992 2623 1171 2660 praesertim
1189 2627 1217 2650 et
1237 2623 1360 2650 sinistra
1384 2621 1681 2656 ante1·iori.utraque
1705 2619 1879 2652 fluctuante,
1904 2617 2052 2645 conflatur
2074 2616 2201 2653 ideoque

479 2688 570 2715 supra
594 2678 711 2705 modum
736 2677 862 2714 gracilis
887 2680 944 2709 est,
968 2676 1080 2703 directe
1098 2673 1281 2711 impellatur,
1305 2673 1408 2701 eodem
1432 2677 1532 2701 autem
1555 2670 1700 2707 temporis
1724 2670 1868 2707 vestigio,
1885 2670 2023 2697 omnibus
2036 2668 2201 2697 trabeculis

479 2731 598 2757 carneis
622 2729 782 2757 ventriculi
807 2729 923 2755 sinistri
947 2728 1111 2755 contractis
1126 2749 1133 2760 ‚
1159 2727 1246 2754 tendo
1270 2727 1319 2754 ille
1344 2735 1461 2763 quoque
1486 2725 1606 2752 fortiter
1630 2728 1659 2750 et
1683 2723 1857 2750 necessario
1882 2721 2072 2749 intendatur:
2096 2719 2202 2756 procul

479 2782 566 2809 dubio
591 2781 656 2816 ejus
681 2781 812 2809 officium
839 2789 907 2807 esse
932 2779 1028 2810 debet,
1043 2779 1189 2806 fornicem
1215 2778 1316 2806 cordis
1340 2778 1436 2814 partis
1459 2776 1602 2804 sinistrae
1620 2784 1674 2802 seu
1698 2774 1890 2811 posterioris,
1913 2773 1968 2800 suh
1992 2771 2105 2807 systole
2129 2770 2200 2797 adeo

478 2834 596 2861 firmam
621 2833 758 2865 reddere,
783 2837 813 2859 ut
838 2831 930 2859 undae
955 2832 1114 2868 sanguinis
1139 2831 1283 2866 impetum
1307 2826 1563 2857 sustineat.Haud
1586 2826 1737 2853 immerito
1762 2825 1854 2862 igitur
1867 2823 2014 2858 fulcrum
2037 2831 2091 2850 seu
2114 2822 2202 2849 trabs

479 2886 650 2913 ventriculi
680 2883 887 2921 appellabitur.
919 2883 1082 2910 Praeterea
1115 2887 1214 2910 autem
1245 2891 1335 2918 quum
1371 2881 1473 2909 eodem
1506 2884 1641 2915 tempore
1675 2878 1821 2905 atriorum
1847 2875 1972 2903 diastole.
1995 2874 2056 2908 fiat,
2082 2873 2201 2901 illorum

479 2942 563 2974 septo
590 2946 706 2974 quoque
730 2936 821 2964 fixum
846 2935 969 2972 praebet
993 2935 1227 2963 sumlamentum.
