2559 3609
1093 495 1405 529 -13—

443 578 636 625 Quaedam
671 590 690 613 e
724 573 977 625 superioribus
1004 572 1249 609 funiculorum
1285 572 1491 608 lateralium
1518 570 1664 608 iibrillis
1693 583 1842 608 sursum
1868 570 2078 614 flectuntur,
2106 578 2158 607 at-

344 650 413 688 que
448 635 494 672 ad
521 633 726 684 marginem
760 631 846 668 ostii
879 644 992 667 venae
1028 629 1248 681 pulmonalis
1283 627 1610 666 semicirculariter
1647 627 1868 679 dispositae,
1903 630 2160 674 sphincterem

342 697 431 732 ostii
458 694 717 739 pulmonalis,
753 688 813 741 qui
849 687 1012 739 ejusdem
1049 686 1235 724 dimidiam
1261 693 1401 723 tantum
1429 692 1570 736 partem
1597 684 1776 722 internam
1804 683 2048 735 amplectitur,
2075 696 2161 721 con*

342 749 508 786 stiiuunt.
537 747 731 795 Quaedam
746 759 835 783 vero
857 759 902 782 ex
928 744 1112 796 superiori
1132 744 1243 781 trium
1271 743 1526 786 funiculorum,
1549 756 1642 793 quos
1663 741 1938 792 descripsimus,
1960 741 2160 777 insertione

343 806 396 854 (id
431 814 486 843 est
513 820 558 842 ex
584 806 647 842 illa
675 803 832 841 mediani
867 809 902 839 et
936 803 1161 849 lateralium)
1197 801 1354 838 ulterius
1390 799 1616 846 evehuntur,
1650 813 1764 836 venae
1796 798 2017 850 pulmonalis
2044 798 2160 835 inter-

344 878 430 900 num
464 863 643 914 parietem
677 862 829 900 duarum
862 860 1040 897 linearum
1076 874 1142 911 per
1175 859 1334 911 spatium
1369 857 1599 901 obveniunt,
1635 864 1670 894 et
1704 856 1767 894 tali
1803 855 1946 893 ratione
1982 854 2026 891 ad
2062 854 2160 891 illius

344 920 567 973 sphincteris
594 919 852 957 formationum
880 918 1083 955 conserunt.

970 1032 1002 1069 l).
1045 1035 1232 1069 Parias
1277 1036 1535 1067 externas.

445 1125 588 1160 Parias
615 1129 814 1166 efferans,
843 1120 902 1173 qui
930 1134 1059 1158 cavum
1087 1119 1199 1156 multo
1227 1117 1382 1168 amplius
1409 1131 1517 1168 quam
1544 1116 1632 1153 illud
1660 1116 1812 1167 parietis
1840 1115 1974 1152 interni
2000 1114 2162 1157 includit,

345 1180 620 1231 innumerisque
644 1178 845 1216 trabeculis
873 1178 1035 1220 carneis,
1062 1177 1155 1214 inter
1182 1190 1221 1213 se
1249 1175 1341 1212 mire
1368 1173 1570 1217 contextis,
1598 1180 1772 1215 ornatur,
1806 1172 1843 1209 in
1870 1172 2006 1222 angulo
2041 1179 2164 1208 exter—

345 1251 392 1274 no
420 1236 587 1274 inferiori
615 1236 704 1273 adeo
726 1235 956 1287 expanditur,
983 1243 1020 1272 ut
1044 1235 1185 1286 amplus
1214 1233 1330 1277 sinus,
1360 1246 1380 1268 a
1405 1230 1605 1269 trabeculis
1633 1230 1778 1268 carneis
1805 1230 1841 1266 in
1867 1230 1992 1281 plures
2021 1228 2164 1265 areolas

346 1294 606 1344 irregulariter
640 1294 796 1336 divisus,
830 1293 850 1330 i.
887 1307 916 1329 e.
951 1297 1060 1331 sinus
1097 1297 1188 1331 atrii
1221 1294 1370 1329 sinistri
1401 1290 1635 1333 efl‘ornietur,
1672 1290 1777 1339 cujus
1813 1287 2023 1324 concavitas
2064 1289 2164 1324 ostio

348 1353 728 1389 (clrio—vetifriculari
754 1350 910 1387 obversa
937 1358 1002 1387 est.

980 1478 1024 1544 ξ.
1062 1477 1110 1528 3.
1150 1469 1521 1527 Ventriculus,

449 1585 482 1621 E
511 1584 678 1634 margine
716 1584 907 1621 ventriculi
947 1584 1098 1621 sinistro
1136 1582 1193 1620 vel
1220 1581 1428 1634 posteriore
1465 1579 1589 1632 paries
1618 1577 1784 1615 internus
1807 1577 2027 1614 muscularis
2055 1576 2105 1613 ita
2131 1575 2168 1612 in

348 1656 477 1679 cavum
503 1641 701 1693 procurrit,
731 1649 768 1678 ut
789 1640 1100 1692 dissepimentum,
1114 1654 1194 1677 cum
1223 1638 1372 1676 dimidia
1396 1646 1538 1675 tantum
1565 1636 1739 1673 inferiore
1767 1642 1870 1687 parte
1897 1634 2058 1686 oppositi
2085 1647 2169 1670 cor-

350 1700 406 1737 dis
434 1699 614 1750 marginis
650 1701 900 1749 conjunctum,
928 1709 964 1735 et
991 1713 1011 1735 a
1047 1698 1201 1735 maculis
1229 1696 1520 1739 muscularibus,
1548 1694 1680 1746 quibus
1708 1693 1866 1730 obsitum
1894 1701 1967 1737 est,
1995 1691 2169 1742 adspectu

349 1757 454 1794 valde
481 1756 684 1808 spongioso
712 1756 896 1800 donatum,
924 1756 1103 1801 efformet,
1130 1762 1279 1804 septum
1304 1757 1611 1792 matricularum
1637 1751 1789 1788 scilicet.

451 1815 619 1865 Hujusce
645 1813 877 1865 potissimum
912 1827 979 1865 ope
1016 1813 1206 1850 ventriculi
1244 1826 1371 1849 cavum
1409 1811 1445 1847 in
1481 1810 1572 1846 haec
1598 1809 1669 1846 tria
1696 1808 1919 1860 dispescitur
1950 1807 2091 1859 spatia,
2119 1807 2165 1842 A.

351 1872 388 1909 in
415 1872 584 1909 dextrum
604 1872 662 1908 vel
690 1871 853 1908 anterius
881 1885 909 1908 s.
935 1874 1191 1909 ventriculum
1219 1873 1411 1912 (lea-trum,
1440 1868 1482 1905 C.
1512 1867 1548 1903 in
1574 1866 1765 1903 sinistrum
1792 1866 1849 1902 vel
1882 1864 2077 1916 posterius,
2104 1877 2170 1899 seu

350 1933 605 1967 ventriculum
631 1933 844 1973 sinistrum,
874 1936 909 1965 et
936 1929 977 1965 B.
1005 1929 1040 1965 in
1068 1928 1154 1964 illud
1176 1927 1341 1978 (lenique,
1364 1926 1425 1962 ubi
1453 1924 1523 1961 duo
1552 1923 1820 1961 communicant
1846 1921 2040 1959 ventriculi
2067 1935 2166 1963 cava,

351 1990 518 2034 spatium
552 1988 915 2024 interi·muriz-ulma
951 1985 1105 2037 inquam.
1140 1984 1259 2021 Primi
1295 1981 1524 2020 solummodo
1561 1989 1595 2018 et
1621 1980 1770 2018 secundi
1806 1980 1934 2017 horum
1963 1978 2168 2030 spatiorum

352 2043 513 2095 parietes
540 2043 749 2080 numerosis
777 2042 976 2079 trabeculis
1004 2043 1146 2079 carneis
1176 2042 1404 2079 obducuntur
1433 2044 1475 2085 ¹).

978 2161 1029 2193 A.
1054 2158 1346 2192 Ventriculus
1369 2158 1548 2190 dexter.

462 2241 707 2278 Ventriculus
726 2243 862 2277 dea-lm·
882 2240 1113 2290 sanguinem,
1142 2239 1299 2276 maxima
1310 2252 1354 2275 cx
1376 2246 1479 2289 parte
1500 2237 1543 2273 de
1565 2241 1666 2274 atrio
1689 2239 1832 2273 demit-0
1854 2234 2054 2285 delapsum,
2078 2232 2169 2269 reci-

353 2297 418 2348 pit,
446 2297 676 2348 maximaque
699 2301 866 2348 exprime
893 2298 929 2334 in
956 2302 1140 2335 arleriam
1166 2299 1430 2345 pulmonalem
1456 2303 1491 2332 et
1517 2294 1553 2331 in
1582 2303 1733 2333 (tortam
1755 2296 1954 2331 sinistram
1982 2289 2146 2341 impellit.

455 2355 550 2405 Ejus
578 2368 715 2398 cavum,
744 2355 1009 2406 amplissimum
1036 2355 1281 2406 reliquorum,
1309 2353 1379 2390 duo
1406 2350 1571 2403 possidet
1606 2354 1726 2393 ostia,
1767 2350 1923 2387 alterum
1961 2348 2169 2399 ingressus,

354 2414 460 2463 cujus
489 2426 555 2464 ope
583 2426 663 2450 cum
698 2413 819 2464 spatio
846 2412 1183 2450 interventriculari
1221 2409 1482 2454 communicat,
1517 2409 1671 2445 alterum
1711 2421 1887 2458 egressus
1929 2420 1993 2443 seu
2031 2409 2169 2443 ostium

354 2473 526 2508 arteriae
545 2473 795 2517 pulmonalis.
823 2471 960 2508 Forma
979 2471 1057 2508 cavi
1084 2484 1173 2507 vero
1200 2469 1351 2519 trigono
1380 2465 1587 2518 comparari
1613 2472 1756 2517 potest,
1777 2467 1881 2516 cujus
1908 2463 2171 2514 longissimum

420 2630 445 2669 ¹)
470 2632 605 2668 Spatium
635 2634 918 2663 interventriculare
950 2640 1101 2672 tamquam
1134 2643 1239 2663 cavum
1264 2642 1317 2669 per
1346 2643 1378 2661 se
1403 2639 1431 2661 et
1455 2633 1585 2661 seorsim
1610 2631 1767 2661 describo,
1791 2633 1891 2665 utpote
1916 2636 1981 2655 cum
2001 2625 2173 2663 amplitudi-

459 2692 495 2711 ne
520 2688 565 2711 sat
579 2693 688 2722 magna
711 2687 878 2722 praeditum
902 2687 958 2719 sit,
983 2692 1195 2723 aortarumque
1220 2683 1297 2713 ostia
1322 2687 1482 2713 contineat.
1507 2683 1677 2712 Clarissimi
1702 2680 1867 2709 Cuvieri
1891 2683 2049 2716 praeterea
2072 2682 2172 2706 aucto-

458 2735 549 2763 ritate
572 2737 657 2764 nisus
674 2746 750 2769 sum,
775 2739 824 2774 qui
848 2739 875 2765 in
901 2739 1064 2766 crocodilis
1088 2739 1145 2765 tria
1168 2738 1305 2765 distinxit
1337 2746 1411 2765 cava
1433 2734 1665 2767 ventricularia,
1690 2737 1720 2761 et
1749 2733 1797 2760 vel
1820 2732 1942 2760 tertium
1965 2739 2070 2758 cavum
2102 2738 2172 2757 ven·

458 2787 602 2815 triculare
625 2788 806 2825 descripsit,
831 2790 908 2827 quod
937 2789 1008 2824 loye
1038 2798 1194 2826 mayenne
1225 2797 1265 2818 ou
1295 2787 1496 2826 pulmonaire
1519 2785 1721 2814 denominavit
1744 2784 1791 2819 (in
1817 2784 1973 2811 crocodilo
1991 2783 2121 2810 nilotica
2144 2785 2173 2808 et

460 2836 602 2877 caiman)
626 2840 674 2866 vel
698 2841 798 2868 serius
823 2840 905 2879 (vide
929 2842 1049 2869 tertiam
1077 2841 1237 2869 editionem
1259 2840 1328 2868 libri
1360 2837 1459 2878 citati)
1484 2839 1580 2876 priori
1611 2837 1759 2865 sententia
1782 2840 1894 2864 tantum
1919 2839 2099 2872 temperata,
2123 2835 2171 2862 si-

461 2897 536 2917 num
558 2893 726 2919 ventriculi
749 2894 856 2920 dea-tri
879 2893 999 2921 admisit
1033 2892 1139 2932 (sinus
1163 2895 1205 2921 du
1230 2891 1407 2921 ventriculo
1429 2893 1528 2924 droit,
1549 2888 1644 2926 place'
1666 2887 1685 2918 ὰ
1715 2890 1745 2917 Ia
1762 2890 1867 2925 partie
1893 2896 2004 2924 moye
2019 2895 2097 2914 nne
2126 2888 2171 2913 de

462 2939 501 2966 la
527 2941 628 2969 base
651 2944 702 2970 du
724 2942 882 2982 coeur).
