2559 3609
1150 469 1463 505 —14—

389 555 489 592 latus
525 553 679 591 sinistro
715 551 838 590 cordis
879 549 1041 601 margini
1074 549 1249 601 parallele
1275 547 1449 593 decurrit,
1475 547 1646 599 superius
1684 555 1720 585 et
1746 546 2005 585 brevissimum
2040 547 2084 584 ab
2120 548 2217 586 ostio

391 611 553 649 arteriae
584 609 804 662 pulmonalis
840 607 1056 653 exhibetur,
1091 607 1252 658 angulus
1281 613 1457 644 externus
1493 606 1572 642 sive
1599 605 1728 642 dexter
1764 619 1845 643 cum
1880 605 2002 657 spatio
2030 604 2216 642 interven-

390 669 560 706 triculari
587 667 767 710 concidit,
794 665 952 703 inferior
978 664 1135 716 denique
1161 664 1255 716 apici
1282 663 1406 702 cordis
1433 662 1710 714 correspondet.

493 724 724 762 'l'rabeculae
750 737 907 762 carneae
934 721 1128 760 admodum
1156 735 1330 768 crassae,
1359 729 1395 759 et
1421 735 1440 758 e
1468 720 1592 758 cordis
1625 720 1768 771 pariete
1802 720 1980 758 anteriori
2006 720 2216 773 profectae,

392 790 537 836 septum
564 782 730 834 ejusdem
756 789 895 834 petunt.

491 844 637 879 Ostium
665 843 836 877 arteriae
859 840 1122 886 pulmonalis,
1155 837 1295 874 duabus
1328 835 1486 873 valvulis
1522 834 1598 872 nidi
1634 834 1887 873 hirundinacei
1916 836 1960 873 ad
1986 836 2104 874 instar
2132 850 2218 873 con-

390 898 554 941 structis,
581 896 730 947 gaudet,
760 910 852 947 quae
874 895 939 932 tali
966 894 1075 932 modo
1102 894 1196 931 sitae
1224 902 1326 938 sunt,
1354 902 1412 939 ut,
1449 893 1568 930 altera
1594 892 1701 930 alteri
1729 891 1915 944 adplicita,
1944 893 2094 930 occluso
2122 901 2218 931 arte-

391 957 469 993 riae
497 954 623 992 lumini
651 953 741 991 duas
770 953 873 1005 quasi
900 967 1010 1005 peras
1038 953 1244 990 obvertant.

904 1072 959 1103 R.
982 1068 1188 1111 Spatium
1212 1067 1647 1102 interventriculare
1669 1071 1708 1108 ¹).

482 1153 661 1202 Spatium
680 1154 1068 1195 interventriculare,
1097 1149 1280 1201 sanguini,
1308 1149 1368 1201 qui
1396 1163 1440 1186 ex
1457 1149 1600 1187 duobus
1617 1149 1733 1193 atriis,
1761 1148 2041 1200 ventriculoque
2061 1147 2215 1185 sinistro

386 1211 595 1263 egredienS,
623 1209 867 1247 ventriculum
895 1209 1063 1246 dextrum
1091 1217 1199 1260 atque
1235 1207 1330 1244 ostia
1357 1207 1517 1244 arteriae
1545 1220 1750 1257 anonymae
1777 1220 1844 1243 nec
1870 1220 1943 1243 non
1970 1213 2097 1243 aortae
2123 1204 2215 1242 sini-

387 1277 487 1307 strae
514 1268 617 1320 petit,
646 1267 717 1304 iter
745 1266 874 1318 aperit.

486 1327 583 1377 Ejus
621 1339 767 1369 cavum,
802 1324 898 1375 qnod
934 1331 1170 1374 postrorsum
1197 1321 1315 1358 libero
1343 1321 1437 1373 septi
1460 1322 1657 1363 atriorum,
1686 1329 1897 1358 antrorsum
1932 1320 2063 1358 dextro
2091 1319 2215 1357 cordis

384 1383 552 1434 margine
571 1381 902 1433 circumscriptum,
924 1381 1077 1432 ideoque
1104 1380 1195 1417 duos
1223 1379 1320 1417 inter
1341 1379 1568 1416 ventriculos
1582 1379 1693 1416 situm
1708 1387 1776 1423 est,
1792 1378 1951 1429 quinque
1971 1378 2078 1415 offert
2104 1392 2215 1429 aper-

383 1450 508 1487 turas,
548 1454 702 1492 quarum
735 1439 806 1476 duo
839 1438 1034 1476 ventriculi
1062 1452 1190 1475 cavum
1217 1437 1387 1475 dextrum
1415 1451 1481 1474 seu
1509 1437 1689 1479 anterius,
1716 1436 1881 1488 reliquae
1908 1442 1985 1473 tres
2013 1443 2133 1472 autem
2162 1434 2214 1471 si-

380 1498 540 1536 nistrum
567 1512 632 1535 seu
659 1497 846 1549 posterius
876 1497 1082 1534 intuentur:
1111 1495 1258 1547 priores
1286 1495 1379 1533 duae
1397 1504 1590 1547 praeterea
1611 1499 1750 1533 ostiam
1774 1501 1912 1532 aorlae
1934 1497 2119 1531 sinistrae
2146 1506 2212 1529 nec

384 1571 457 1595 non
486 1556 599 1600 illud,
626 1570 694 1607 per
721 1555 815 1608 quod
843 1555 888 1592 ad
914 1553 1158 1592 ventriculum
1193 1553 1362 1590 dextrum
1391 1553 1430 1589 iit
1456 1553 1656 1595 transitus,
1685 1552 1825 1589 alterae
1852 1559 1929 1589 tres
1956 1564 2044 1588 vero
2073 1554 2214 1588 Ostiam

383 1618 556 1652 arteriae
590 1627 824 1662 cozonymae,
862 1616 1003 1651 ostium
1045 1613 1450 1650 atrio-ventriculare
1488 1613 1689 1653 damfrunt,
1721 1617 1829 1661 atque
1865 1608 2016 1646 tertium
2051 1607 2213 1651 demum,

385 1673 492 1722 cujus
515 1684 584 1721 ope
610 1684 691 1707 cuni
718 1670 922 1707 ventriculo
950 1669 1105 1705 sinistro
1134 1668 1388 1713 communicat,
1418 1668 1658 1705 constituunt.

486 1729 652 1766 Inferna
681 1731 908 1778 superficies
930 1729 1076 1776 ylabra
1103 1733 1137 1763 et
1160 1725 1433 1763 trabe-cularum
1462 1740 1676 1764 carnearum
1706 1725 1844 1776 absque
1871 1723 2052 1774 vestigi03
2083 1737 2213 1774 super-

381 1800 449 1831 ne,
477 1786 527 1823 ita
554 1793 593 1822 ut
620 1784 750 1822 dextro
787 1788 876 1823 ossii
910 1788 1082 1822 arteriae
1108 1787 1348 1832 pulmonalis·
1375 1784 1482 1821 lateri
1510 1784 1688 1835 adjaceat,
1709 1791 1744 1820 et
1771 1782 1888 1819 eidem
1915 1781 2132 1832 contiguum
2154 1780 2212 1825 sit⁷

380 1847 520 1882 ostium
549 1849 689 1881 aortae
717 1847 900 1880 sinistrae
936 1841 1116 1886 ostendit,
1145 1841 1241 1892 quod
1269 1841 1410 1878 duabus
1437 1841 1620 1878 similibus
1647 1840 1785 1891 gaudet
1814 1839 1981 1882 valvulis,
2009 1838 2073 1875 sed
2101 1837 2212 1875 dimi-

377 1901 437 1938 dio
465 1901 585 1938 minus
613 1914 722 1952 quam
749 1900 853 1951 prius
883 1900 991 1936 offert
1018 1899 1259 1936 dimensionis
1287 1899 1457 1950 spatium.

476 1959 581 1995 Pone
616 1958 751 1994 ostium
790 1965 916 1994 aortae
956 1956 1149 2000 sinistrae,
1189 1956 1345 2008 ideoque
1381 1957 1479 1993 intra
1516 1956 1593 1993 cavi
1630 1955 1852 2007 posterioris
1887 1954 2010 1991 cordis
2037 1953 2209 2005 spatium,

376 2020 516 2055 ostium
546 2024 647 2067 patet
674 2019 847 2054 arteriae
874 2029 1101 2063 anonymae.
1141 2014 1336 2052 Orilicium
1364 2014 1453 2056 hoc,
1483 2013 1752 2064 amplissimum
1779 2012 1874 2049 inter
1902 2011 2043 2063 reliqua
2069 2010 2210 2048 ventri—

376 2075 450 2113 culi
479 2074 639 2119 orisicia,
666 2073 860 2111 ventriculi
888 2073 1030 2110 sinistri
1059 2087 1186 2109 cavum
1223 2072 1407 2115 intuetur,
1445 2080 1553 2123 atque
1581 2071 1721 2108 duabus
1748 2070 1919 2113 valvulis,
1947 2069 2092 2106 illarum
2122 2068 2208 2105 ostii

379 2133 540 2171 arteriae
559 2132 782 2184 pulmonalis
810 2131 997 2176 adinstar,
1026 2131 1245 2168 instructum
1277 2138 1351 2174 est;
1378 2129 1423 2166 ab
1446 2129 1543 2166 ostio
1566 2128 1923 2166 atrio—ventriculari
1952 2135 2085 2169 autem,
2113 2125 2210 2177 quod

376 2194 456 2243 ejus
486 2190 594 2227 lateri
635 2190 788 2226 sinistro
821 2189 984 2239 adjacet,
1012 2189 1202 2225 columnae
1241 2187 1404 2224 aorticae
1440 2201 1508 2238 ope
1545 2186 1775 2237 sejungitur,
1813 2199 1903 2236 quae
1941 2185 2004 2222 tali
2045 2183 2207 2227 ratione,

379 2248 484 2293 ostii,
520 2247 562 2284 de
590 2260 662 2297 quo
690 2259 813 2283 sermo
843 2253 917 2289 est,
944 2245 1183 2296 capacitatem
1212 2245 1478 2296 aliquantulum
1506 2244 1649 2281 limitat.

479 2307 628 2343 Ostiam
657 2307 748 2342 atrii
772 2306 905 2341 der-tri
931 2303 1003 2347 ita,
1031 2303 1082 2340 uti
1116 2303 1244 2348 retuli,
1272 2303 1407 2345 situm,
1436 2301 1588 2338 limitem
1616 2301 1713 2338 inter
1739 2300 1899 2352 spatium
1926 2298 2211 2336 interventricu-

376 2366 455 2402 lare
484 2372 519 2401 et
546 2362 788 2400 ventriculum
826 2361 1021 2398 sinistrum
1058 2361 1206 2403 statuit,
1243 2360 1459 2411 valvulaque
1494 2358 1700 2410 praeditum
1736 2365 1793 2395 est
1827 2356 2070 2407 triangulari,
2103 2358 2208 2407 cujus

377 2421 479 2460 basis
506 2421 600 2473 septi
627 2419 806 2457 atriorum
844 2419 924 2456 basi
952 2418 1148 2462 adhaeret,
1177 2432 1269 2470 apex
1294 2424 1414 2454 autem
1442 2416 1537 2453 liber
1565 2416 1728 2461 fluctuat,
1756 2418 1916 2452 vulvula
1937 2416 2205 2451 atrio-centri-

375 2484 525 2519 calaris
546 2483 700 2523 (Ieoelra,
728 2478 884 2529 inquam.
911 2477 1015 2513 Haec
1041 2477 1187 2513 valvula
1214 2475 1357 2512 duobus
1385 2473 1529 2511 videtur
1556 2473 1659 2523 fungi
1689 2472 1838 2513 officiis,
1866 2485 2021 2523 quorum
2048 2471 2204 2507 alterum

376 2547 450 2583 est,
478 2538 613 2575 ostium
634 2534 998 2575 atrio-ventriculare
1036 2534 1204 2571 dextrum
1242 2546 1351 2584 quum
1388 2539 1516 2568 contra
1543 2530 1638 2567 idem
1666 2531 1899 2573 reflectatur,
1926 2528 2131 2572 occludere,
2158 2528 2208 2564 al-

375 2605 497 2634 terum
524 2609 612 2632 vero
640 2593 729 2631 illud
756 2593 931 2630 obturare
960 2592 1213 2635 intervallum,
1242 2591 1280 2627 in
1309 2604 1380 2642 quo
1409 2589 1452 2626 de
1479 2588 1684 2626 ventriculo
1715 2587 1869 2624 sinistro
1893 2586 1937 2623 ad
1963 2586 2121 2638 spatium
2149 2585 2207 2621 in-

376 2653 688 2693 terventriculare
723 2650 903 2688 transitus
939 2649 1140 2701 expeditur.
1174 2648 1301 2686 Hocce
1333 2660 1422 2684 vero
1459 2645 1619 2684 officium
1656 2653 1741 2682 tune
1768 2643 1948 2688 absolvit,
1986 2657 2095 2695 quum
2121 2642 2207 2679 atrii

377 2711 542 2764 ejusdem
574 2710 708 2748 ostium
738 2707 867 2760 aperit.
894 2707 1036 2744 Eodem
1065 2707 1160 2745 enim
1187 2705 1368 2758 temporis
1395 2704 1550 2742 articulo
1586 2710 1688 2740 recta
1714 2701 1887 2739 deorsum
1925 2700 2126 2744 delabitur,
2155 2707 2207 2736 at-

379 2785 449 2824 que
477 2768 690 2807 necessario
716 2765 909 2804 ventriculi
938 2765 1081 2802 sinistri
1102 2772 1232 2803 contra
1259 2764 1396 2802 exitum
1425 2762 1638 2814 adplicatur.
1665 2760 1845 2812 Ejusdem
1869 2757 2207 2806 valvulaelinterna

430 2935 457 2970 ²)
482 2934 718 2972 Correspondet,
743 2938 772 2961 ut
798 2941 890 2969 supra
914 2932 1159 2961 commemoraui.
1183 2931 1261 2958 sinui
1286 2929 1444 2957 ventriculi
1469 2928 1577 2961 dextri,
1602 2936 1618 2955 a
1643 2926 1796 2955 Cuvier
1820 2926 1847 2952 in
1873 2923 2034 2953 crocodilis
2059 2921 2201 2950 admisso.
