2559 3609
1063 504 1374 538 —33—

462 589 490 622 ἶ.
517 588 677 623 Arleria
711 585 936 630 scapularis
972 585 1029 629 ¹);
1067 582 1156 618 haec
1190 580 1362 630 scapulae
1389 579 1636 616 articulationi
1663 578 1902 629 musculoque
1928 577 2130 630 subscapu-

311 642 379 679 lari
416 642 650 693 adsignatur,
687 647 722 676 et
748 638 784 675 in
804 646 999 690 sequentes
1027 640 1065 686 a)
1092 645 1128 674 et
1153 640 1191 685 β)
1225 636 1392 674 discedit.

513 701 552 746 α)
579 699 741 735 Arteria
767 698 1067 744 .5·ub.s·eapulari.s·
1094 697 1139 742 2),
1168 707 1259 745 quae
1286 692 1448 744 ejusdem
1475 692 1634 729 nominis
1662 692 1864 728 musculum
1892 692 1976 729 adit.

509 758 546 803 β)
574 756 736 791 Arteria
772 755 997 790 acromialis
1023 755 1074 799 ³),
1111 764 1224 802 quae,
1257 764 1398 787 ramum
1424 749 1660 801 praecipuum
1688 748 1927 793 constituens,
1955 749 2129 799 scapulae

311 811 557 849 articulationi
586 809 832 861 musculisque
853 808 1003 846 eandem
1030 807 1352 852 circumeuntibus,
1379 821 1419 844 se
1445 805 1642 856 immergit.

459 873 493 907 2.
523 871 685 906 Arteria
711 869 962 914 circumfleoea
981 868 1130 903 humeri
1149 870 1348 913 posterior
1372 867 1414 912 ¹⁴),
1443 877 1545 915 quae,
1567 863 1675 899 simul
1698 876 1778 899 cum
1805 864 2010 909 scapulari
2036 869 2130 905 orta,

312 925 512 977 eodemque
540 925 661 962 officio
690 923 904 973 defungens,
931 923 967 959 in
994 922 1186 974 profundis
1214 922 1313 958 illius
1342 921 1507 972 regionis
1535 919 1711 957 musculis
1737 933 1777 956 se
1804 918 1915 962 abdit,
1942 918 2036 956 unde
2063 932 2131 970 po-

310 997 355 1020 ne
390 981 639 1032 chirurgicum
675 981 815 1017 humeri
844 980 976 1017 collum
1013 979 1268 1031 progrediens,
1295 978 1390 1015 idem
1419 977 1559 1021 circuit,
1587 977 1722 1028 talique
1749 976 1891 1013 ratione
1917 976 1954 1013 in
1981 984 2132 1013 externa

312 1039 490 1077 anteriori
517 1038 686 1089 scapulae
715 1045 817 1088 parte
844 1037 952 1073 finem
979 1037 1098 1073 habet.

412 1097 456 1134 Β.
483 1097 599 1133 Rami
623 1097 836 1142 inferiore-5·
862 1108 927 1131 seu
955 1095 1238 1131 descendentes.

459 1158 490 1191 3.
518 1154 679 1189 Arteria
695 1154 921 1188 mammaria
949 1156 1115 1187 eoelerna
1142 1151 1173 1197 ⁵)
1187 1151 1229 1197 ⁶).
1265 1148 1367 1185 Haec
1379 1147 1542 1185 thoracis
1570 1147 1607 1183 in
1636 1148 1727 1184 facie
1754 1156 1916 1193 externa,
1944 1149 2130 1199 ejusdem—

313 1224 380 1261 que
407 1209 502 1246 inter
529 1209 715 1245 musculos
743 1207 815 1244 sita
840 1221 954 1259 usque
982 1206 1025 1244 ad
1063 1206 1207 1257 priores
1235 1211 1405 1243 arteriae
1433 1209 1683 1242 mammariae
1707 1209 1880 1243 internae
1907 1220 2032 1243 ramos
2067 1219 2131 1257 pa-

312 1266 466 1303 rietibus
491 1265 656 1302 thoracis
683 1264 902 1308 destinatos,
930 1263 1144 1314 quibuscum
1172 1263 1405 1300 consociatur
1434 1266 1463 1309 ⁷)
1492 1270 1724 1313 postrorsum
1753 1263 1923 1300 recurrit.

414 1324 472 1360 Ab
501 1322 625 1359 eadem
653 1321 903 1358 dimittuntur:

513 1382 551 1425 α)
580 1381 695 1416 Ram·
715 1381 939 1426 pectorale-s*
966 1379 997 1425 8)
1026 1377 1069 1413 ad
1098 1376 1283 1413 musculos
1310 1376 1529 1427 pectorales,
1557 1390 1622 1413 nec
1649 1391 1720 1413 non

515 1440 550 1484 β)
576 1438 691 1473 Rami
717 1438 906 1471 thol-acici
931 1437 963 1482 ⁹)
1000 1434 1044 1470 ad
1070 1434 1232 1471 thoracis
1259 1440 1512 1484 tegumentum
1540 1433 1768 1477 musculare,
1805 1432 1864 1483 qui
1896 1447 1916 1469 a
1949 1446 2132 1469 mamma-

316 1500 376 1531 ria
405 1501 570 1531 eoeterna
597 1492 664 1529 sub
691 1499 768 1528 toto
797 1491 960 1540 ejusdem
991 1490 1158 1535 decursu,
1187 1491 1369 1541 originem
1396 1490 1539 1527 ducunt.

840 1649 883 1715 ξ
926 1649 1004 1699 13.
1043 1646 1266 1698 Arteria
1302 1646 1613 1699 brachialis.

414 1771 575 1806 Arteria
602 1771 812 1805 brachialia
848 1770 921 1815 ¹⁰),
949 1766 1154 1803 musculum
1190 1766 1585 1804 coram-brachialem
1613 1766 1708 1803 inter
1745 1773 1779 1802 et
1805 1766 2051 1816 pectoralem,
2080 1766 2132 1803 uti

314 1826 621 1869 commemoravi,
650 1833 744 1868 orta,
771 1825 806 1861 in
824 1825 925 1861 sulco
953 1824 1130 1875 bicipitali
1157 1825 1302 1861 interno
1329 1824 1532 1861 musculum
1562 1823 1783 1860 brachialem
1821 1822 2002 1859 internum
2038 1823 2134 1860 inter

314 1892 350 1921 et
386 1892 551 1922 ventrem
584 1883 739 1920 musculi
773 1882 934 1933 bicipitis
968 1882 1151 1918 internum
1190 1895 1304 1933 usque
1331 1881 1376 1918 ad
1402 1881 1538 1917 fossam
1566 1880 1778 1923 cubitalem,
1805 1879 1841 1915 in
1868 1894 1937 1931 qua
1964 1879 2001 1916 in
2028 1887 2134 1917 arle-

314 1946 414 1980 riam
439 1945 618 1979 ulnarem
645 1954 880 1979 commanem
915 1947 950 1976 et
984 1939 1020 1975 in
1055 1941 1242 1976 radialem
1269 1938 1501 1989 dispescitur,
1530 1937 1727 1974 descendit..

415 1999 472 2036 Ex
500 2002 648 2036 arteria
675 1999 874 2041 brachiali,
908 2010 952 2033 ne
979 1995 1023 2032 de
1055 1996 1218 2046 parvulis
1253 1995 1439 2032 nonnullis
1466 1994 1578 2031 ramis
1607 1994 1876 2031 muscularibus
1904 1993 2032 2038 dicam,
2060 1993 2135 2031 ori·

315 2056 437 2106 ginem
466 2055 622 2092 ducunt:

466 2115 497 2151 1.
522 2115 684 2150 Arteria
712 2114 964 2158 circumflexa
989 2113 1137 2147 humeri
1162 2113 1338 2148 anterior
1371 2111 1433 2156 ¹¹).
1470 2108 1582 2148 Haec,
1616 2108 1744 2144 subter
1783 2106 1937 2143 musculi
1973 2106 2136 2157 bicipitis

316 2177 424 2221 caput
458 2169 640 2206 internum
679 2182 826 2205 sursum
854 2167 1013 2212 directa,
1040 2166 1263 2204 anteriorem
1300 2165 1441 2203 humeri
1477 2165 1561 2202 colli
1598 2164 1800 2214 chirurgici
1828 2163 1957 2201 faciem
1985 2163 2136 2210 circuit,

317 2226 552 2278 ejusdemque
579 2233 708 2277 postea
734 2224 779 2261 ad
806 2224 900 2261 latus
935 2224 1119 2260 internum
1155 2223 1393 2268 terminatur;
1420 2236 1490 2274 quo
1518 2222 1554 2258 in
1582 2221 1741 2259 decursu
1769 2220 1924 2258 emittit:

519 2287 556 2331 a)
583 2297 707 2320 ramos
734 2281 808 2318 illis
837 2285 1007 2319 arteriae
1034 2284 1308 2328 circumstat-ae
1329 2282 1568 2329 posterioris
1595 2279 1795 2329 analogos‚
1833 2285 1869 2315 et

519 2343 556 2388 β)
585 2343 772 2377 arteriam
809 2342 1075 2376 collateralem
1106 2340 1297 2375 radialem
1334 2339 1596 2375 acce-§soriam
1632 2340 1683 2384 ¹2)
1718 2350 1828 2388 quae,
1854 2335 1890 2372 in
1917 2336 2018 2372 sulco
2046 2336 2138 2373 bici-

319 2397 422 2449 pitali
451 2406 601 2434 externo
630 2396 851 2440 decurrens,
879 2395 922 2431 ad
950 2402 1030 2433 rete
1057 2398 1273 2433 articulare
1300 2397 1413 2432 cubiti
1437 2393 1563 2431 tendit.

362 2540 388 2579 ⁶)
411 2541 496 2569 Hanc
520 2541 681 2573 arteriam,
706 2547 799 2576 quae,
824 2539 953 2567 hominis
978 2540 1156 2567 thoracicae
1177 2539 1291 2572 [onyae
1305 2537 1481 2573 ceteroquin
1507 2536 1690 2570 conformis,
1715 2536 1782 2564 dum
1805 2538 1925 2564 arteria
1945 2537 2134 2565 mammarc‘a

420 2595 548 2620 interna
570 2593 599 2619 in
624 2592 741 2619 interna
764 2590 897 2618 thoracis
913 2591 989 2618 facie
1009 2591 1055 2618 sui
1073 2590 1220 2618 decursus
1238 2590 1265 2616 in
1289 2589 1435 2625 principio
1460 2589 1584 2621 saltem,
1610 2589 1778 2624 percurrit,
1803 2588 1831 2615 in
1857 2592 1983 2615 externa
2005 2587 2138 2622 ejusdem

423 2644 499 2671 facie
517 2643 684 2675 delabitur,
709 2643 803 2669 altera
816 2642 902 2669 alteri
922 2651 997 2678 crgo
1023 2641 1118 2678 quoad
1135 2641 1192 2668 iter
1211 2641 1349 2676 opposita
1370 2644 1433 2672 est,
1457 2638 1643 2666 antithescos
1668 2639 1767 2676 gratia
1791 2639 2011 2667 mammarium
2034 2642 2138 2666 eaeter-

423 2702 497 2722 nam
516 2693 685 2721 denomino.

374 2839 401 2865 η
426 2837 588 2874 Fig.v1n.
612 2835 640 2865 [ι.
673 2852 710 2855 -
735 2834 938 2874 2)Fig.vl11.
961 2835 991 2865 5.
1017 2850 1053 2855 —
1079 2832 1105 2872 3)
1129 2834 1197 2871 Fig.
1222 2834 1304 2861 Vlll.
1326 2835 1355 2863 6.
1380 2850 1418 2854 —
1443 2831 1467 2870 ⁴)
1491 2833 1559 2870 Fig.
1584 2833 1667 2862 vni.
1693 2833 1721 2862 7.
1740 2849 1777 2852 —
1799 2830 1824 2870 Ξ·)
1849 2832 1914 2869 rig.
1939 2833 2020 2860 vni.
2044 2832 2073 2862 8.
2106 2832 2136 2862 s.

427 2902 462 2907 -
488 2890 517 2922 7)
540 2889 606 2925 rig.
638 2888 660 2915 l.
694 2887 744 2917 16.
772 2888 840 2924 Fig.
864 2887 947 2915 vni.
979 2887 1026 2916 11.
1061 2902 1100 2906 —
1129 2883 1156 2921 Θ)
1180 2886 1246 2922 Fig.
1269 2885 1353 2914 vui.
1385 2884 1415 2913 9.
1445 2883 1474 2913 9.
1497 2885 1526 2914 9.
1558 2898 1597 2904 -
1620 2881 1647 2922 ⁹)
1673 2884 1738 2921 rig.
1762 2884 1844 2911 vm.
1870 2884 1916 2913 10.
1944 2883 1991 2914 ιο.
2016 2887 2072 2911 etc.
2099 2899 2138 2904 -

432 2938 469 2975 κ’)
493 2939 559 2976 rig.
584 2939 669 2966 vin.
694 2939 742 2968 12.
765 2955 805 2959 -
830 2940 872 2972 ιι)
897 2939 964 2975 Fig.
987 2938 1070 2965 vul.
1098 2937 1145 2967 13.
1170 2953 1207 2957 -
1234 2935 1273 2974 ιε)
1306 2937 1372 2974 Fig.
1397 2936 1480 2964 vni.
1507 2934 1554 2965 111.
1579 2936 1643 2972 Fig.
1670 2936 1722 2965 ix.
1745 2936 1775 2965 2.

1915 2984 1937 3017 5
