2559 3609
1089 459 1398 493 *37—

434 536 546 584 Quod
573 541 806 574 arteriarum
834 539 1048 584 dryitaliam
1069 537 1262 573 decursum
1285 537 1425 580 attinet,
1451 537 1646 574 notandum
1674 537 1834 583 ridetur,
1866 542 2037 575 arterias
2056 541 2149 588 diyz‘-

332 597 431 631 tales
452 597 608 632 volare-s·
628 592 843 643 saepissime
871 592 965 629 inter
984 606 1023 628 se
1043 592 1196 630 invicem
1210 593 1406 644 conjungi,
1427 594 1521 644 quod
1542 595 1610 631 etsi
1637 595 1901 647 aliquantulum
1924 595 2065 639 rarius,
2091 604 2149 633 ta-

333 664 413 688 men
438 659 471 688 et
498 664 577 687 cum
599 651 822 687 dorsalibus
846 649 896 688 fit.

920 776 1042 811 Rete
1079 778 1372 812 articulare
1400 777 1561 813 cubiti.

435 862 528 899 Rea
561 864 776 898 articulare
811 864 923 899 cubili
958 870 1153 914 sequentes
1182 871 1403 914 componunt
1438 864 1611 901 arteriae:
1652 866 1681 900 l.
1710 867 1952 901 collaterali-s·
1980 867 2148 902 radialis·

331 922 568 961 accessoria,
586 921 618 954 2.
647 922 889 956 collateralis·
916 922 1099 963 radicalis,
1127 924 1160 957 3.
1190 924 1432 958 collateralis
1459 924 1633 963 ulmei-is,
1661 923 1692 957 lt.
1718 924 1882 958 vascula
1909 935 1927 958 e
1954 924 2147 959 brachiali

331 975 369 1011 in
397 975 497 1012 fossa
525 975 635 1012 cubiti
675 975 818 1026 posita,
853 979 885 1013 5.
915 980 1157 1014 collateralis
1181 980 1325 1020 media,
1353 980 1384 1013 6.
1419 991 1631 1016 recurrens·
1658 981 1843 1022 radialis,
1876 981 1906 1015 7.
1934 992 2147 1016 recurrens

331 1037 565 1074 interos-sea,
590 1034 621 1068 8.
649 1046 860 1071 recurrens
886 1037 1049 1070 ulum-is.

700 1148 742 1214 ξ.
786 1150 863 1199 16.
903 1148 1075 1200 Aorta
1113 1149 1391 1201 thoracica
1430 1149 1781 1202 descendens.

432 1256 560 1292 Aorta
590 1258 791 1293 thol-aeica
819 1259 1073 1301 descendens,
1103 1270 1209 1308 quae,
1237 1256 1289 1293 uti
1316 1264 1456 1295 aortae
1484 1260 1650 1295 dez-trae
1677 1257 1915 1300 continuatio,
1943 1265 2028 1308 post
2046 1264 2148 1294 arte-

329 1315 414 1348 riae
437 1314 658 1349 sabclaviae
679 1317 890 1351 communis
918 1327 1125 1358 secessum,
1153 1313 1337 1364 originem
1364 1313 1482 1355 ducit,
1512 1321 1621 1365 atque
1644 1314 1688 1351 ab
1716 1321 1855 1352 aortae
1884 1317 2050 1352 deoetrae
2069 1314 2145 1361 (sui

330 1367 448 1418 ipsius
471 1372 555 1417 ope)
586 1377 620 1407 et
643 1374 823 1408 sinistrae
843 1371 1069 1407 anastomosi
1093 1379 1218 1408 mutua
1245 1379 1479 1422 postrorsuin
1507 1371 1702 1415 limitatur,
1730 1373 1937 1408 columnam
1955 1371 2147 1408 vertebra-

332 1425 402 1462 lem
430 1426 524 1463 inter
549 1434 582 1463 et
611 1441 674 1464 cor
707 1430 857 1479 ejusque
891 1442 978 1465 vasa
1005 1431 1146 1479 majora
1177 1429 1248 1465 sita
1280 1436 1358 1473 est,·
1390 1428 1532 1479 hocque
1556 1442 1624 1464 suo
1655 1428 1691 1464 in
1724 1428 1854 1465 itinere
1891 1428 2143 1465 tantummodo

332 1482 489 1535 quinque
516 1489 686 1521 arterias
712 1488 983 1523 iutercostales
1000 1488 1031 1534 ¹)
1050 1493 1205 1537 utroque
1224 1486 1261 1522 in
1281 1486 1396 1522 latere
1418 1485 1562 1527 emittit,
1577 1499 1730 1536 quarum
1757 1485 1907 1536 quaevis
1934 1485 1970 1521 in
1997 1499 2148 1522 rccnntm

330 1543 617 1579 inter-cosmam
646 1541 708 1589 (ad
734 1542 910 1593 parietem
934 1542 1204 1592 thoracicum),
1233 1551 1268 1580 et
1295 1543 1331 1579 in
1358 1556 1507 1580 ramum
1534 1545 1721 1589 spiaalem
1749 1541 1911 1579 discedit.

845 1669 887 1735 ξ.
932 1670 1009 1720 17.
1048 1669 1222 1722 Aorta
1260 1668 1631 1721 abdominalis.

430 1777 559 1812 Aorta
579 1777 834 1813 abtlominalis
857 1781 888 1821 2)
910 1784 1049 1814 aortae
1071 1780 1311 1819 thorneiam,
1342 1784 1377 1813 et
1404 1782 1542 1813 nortae
1569 1778 1770 1813 viscerali-s·
1798 1774 1833 1811 in
1861 1774 2020 1826 compito
2048 1782 2140 1818 orta,

331 1831 522 1868 columnae
554 1832 772 1869 vertebralis
799 1833 836 1870 in
863 1832 978 1870 latere
1004 1833 1156 1871 sinistro
1184 1834 1228 1870 ad
1254 1833 1408 1885 primam
1436 1834 1643 1870 vertebram
1671 1832 1849 1869 sacralein
1876 1846 1989 1883 usque
2017 1831 2144 1869 decur-

330 1888 400 1931 rit,
428 1888 549 1940 ibique
584 1889 722 1926 duahus
759 1894 916 1927 arteriis
948 1894 1090 1933 iliacis,
1121 1894 1265 1928 (lez-tra
1293 1899 1328 1927 et
1355 1894 1516 1928 sinistra
1544 1890 1704 1933 scilicet,
1733 1890 1833 1926 abire
1858 1889 1999 1940 jussis,
2028 1896 2144 1927 aorta

330 1949 501 1983 sam-aas
528 1946 637 1983 audit.
665 1947 749 1984 Hoc
775 1947 810 1983 in
838 1947 994 1984 decursu
1023 1948 1166 1984 unicam
1183 1948 1355 1985 arteriam
1390 1951 1573 1996 imparem
1600 1961 1665 1984 seu
1689 1950 1900 1985 coeliacam
1927 1946 1972 1983 ad
1998 1946 2063 1982 illa
2089 1945 2146 1982 (li-

330 2003 513 2053 gestionis
542 2017 683 2054 organa
700 2005 819 2049 mittit,
849 2005 979 2056 quibus
1007 2005 1050 2041 ab
1079 2012 1195 2043 (ιον-[α
1213 2007 1394 2042 viscerali
1411 2005 1498 2041 nulli
1531 2005 1621 2041 rami
1643 2004 1864 2048 tribuuntur,
1892 2012 1927 2041 et
1954 2003 2035 2040 dein
2063 2004 2144 2054 plu-

330 2073 392 2097 res
420 2074 528 2111 pares
556 2061 600 2098 ad
625 2069 789 2112 systema
816 2062 1073 2112 urogenitale‚
1110 2062 1154 2099 ad
1190 2062 1348 2114 parietes
1377 2061 1644 2105 abdmninales,
1673 2069 1707 2098 et
1735 2060 1779 2097 ad
1806 2060 2056 2098 extremitates
2085 2060 2145 2097 de-

331 2117 439 2168 nique
465 2118 669 2155 inferiores.
697 2143 741 2146 —
772 2120 818 2156 Hi
846 2119 937 2157 rami
967 2129 1067 2157 sunt:

484 2177 514 2214 l.
541 2178 702 2214 Arteria
731 2181 995 2215 inter-costulis
1013 2181 1046 2226 ³)
1074 2186 1227 2229 utroque
1254 2177 1290 2213 in
1318 2176 1440 2213 latere.

481 2235 515 2269 2.
541 2235 704 2270 Arteria
737 2237 911 2272 coeliae-a
934 2239 973 2283 ¹³).
1001 2236 1121 2277 Haec,
1158 2234 1382 2278 ventriculo,
1419 2233 1599 2277 duodeno,
1628 2232 1735 2275 lieni,
1762 2232 1949 2283 pancreati
1978 2245 2044 2269 nec
2073 2246 2145 2268 non

322 2289 482 2339 jecinori
511 2289 727 2340 adsignata,
754 2305 892 2343 sexque
926 2292 1073 2329 circiter
1100 2292 1214 2329 lineas
1241 2291 1324 2328 inde
1352 2291 1395 2327 ab
1423 2298 1561 2328 aortae
1587 2292 1842 2328 abdominalis
1869 2289 2013 2340 origine
2040 2297 2143 2333 nata,

331 2346 483 2383 eandem
510 2347 605 2384 inter
633 2356 668 2384 et
693 2348 824 2385 lienem
852 2350 883 2386 S
911 2350 1052 2387 romani
1080 2350 1125 2386 ad
1151 2349 1268 2386 instar
1288 2349 1345 2386 bis
1373 2348 1595 2392 reflectitur,
1624 2361 1693 2399 quo
1720 2347 1833 2392 sacto,
1862 2348 1960 2384 illius
1988 2347 2141 2384 visceris

332 2404 602 2442 extremitatem
621 2405 846 2443 anteriorem
873 2414 995 2450 nacta,
1025 2406 1189 2457 ejusdem
1227 2406 1271 2443 ad
1306 2407 1402 2443 latus
1437 2414 1627 2444 externum
1662 2419 1776 2457 usque
1809 2405 1853 2442 ad
1879 2405 2049 2456 pylorum
2071 2405 2147 2441 fere

332 2461 512 2506 recurrit,
539 2461 600 2498 ubi
621 2462 657 2498 in
683 2467 868 2500 arteriam
893 2466 1107 2511 hepaticam
1128 2471 1164 2500 et
1180 2463 1216 2500 in
1236 2467 1422 2501 arteriam
1444 2467 1692 2501 coronariam
1711 2465 1916 2500 ventriculi
1936 2461 2121 2498 dividitur.

430 2521 613 2556 Arteriae
632 2523 828 2557 coeliacae
850 2521 939 2557 rami
966 2521 1151 2572 praecipui
1179 2529 1281 2558 sunt:

435 2579 470 2622 a)
498 2578 649 2613 Ramas
670 2580 823 2615 lienalis
851 2582 1026 2616 anterior
1046 2577 1081 2631 ⁵)
1097 2579 1157 2630 qui
1178 2579 1284 2616 lienis
1308 2577 1575 2615 extremitatem
1596 2576 1819 2613 anteriorem
1837 2576 1955 2612 intrat.

436 2630 478 2684 b)
509 2635 586 2670 Vas
614 2637 724 2671 bret-e
749 2639 914 2682 primum
945 2634 980 2688 ⁶)
1020 2636 1113 2688 quod
1159 2636 1244 2672 lieni
1273 2636 1452 2672 ramulum
1488 2634 1677 2686 quemdam
1705 2633 1933 2685 impertitur,
1969 2640 2004 2670 et
2038 2646 2145 2682 mag-

336 2703 419 2726 nam
453 2690 646 2727 ventriculi
679 2700 911 2730 curvaturam
930 2693 1033 2745 petit.

389 2840 414 2879 1)
439 2843 505 2880 Fig.
530 2844 552 2872 1.
575 2844 625 2873 28.
649 2845 698 2874 28.
724 2850 781 2875 etc.
806 2863 843 2866 -
865 2845 889 2885 ε)
914 2849 979 2885 Fig.
1010 2849 1033 2878 1.
1056 2849 1107 2879 27,
1130 2848 1180 2878 27.
1213 2847 1262 2877 27.
1289 2863 1324 2868 —
1346 2844 1371 2883 ³)
1397 2847 1462 2883 Εἰς·
1487 2846 1510 2875 1·
1542 2846 1592 2876 '28-
1616 2846 1666 2875 28·
1691 2850 1748 2874 “tc-
1776 2862 1811 2866 -
1836 2846 1861 2880 ⁴)
1885 2845 1951 2881 Fig·
1977 2845 1999 2872 ¹·
2021 2843 2070 2874 ²⁹·
2093 2844 2146 2874 ²⁹·

439 2910 477 2914 -
500 2892 526 2931 ⁵)
551 2895 616 2932 εἰς.
642 2897 664 2925 ι.
688 2896 737 2926 30.
754 2913 786 2917 -
803 2897 829 2936 6)
852 2900 917 2936 rig.
944 2901 964 2928 1.
989 2899 1038 2930 31.
