2559 3609
1138 467 1448 502 *33—

488 562 525 609 c)
553 561 703 596 Ramus
731 555 882 591 uenalis
900 552 1104 600 posterior
1122 545 1167 601 ¹).

486 616 525 665 d)
558 617 633 653 Vas
659 616 771 649 breve
796 610 1007 647 secundum
1028 609 1059 655 2)
1086 619 1190 643 ramo
1217 602 1406 656 praedicto
1432 599 1476 654 b)
1495 600 1701 652 analogum.

485 677 521 721 e)
554 673 716 710 Arteria
744 669 921 716 hepatia-a
948 662 985 718 ³)
1013 678 1124 716 quae,
1152 661 1261 699 simul
1290 675 1371 698 cum
1400 663 1614 698 coronaria
1642 662 1846 697 ventriculi
1870 661 2039 696 arteriae
2067 661 2206 696 coelia-

385 744 453 770 cae
485 727 797 768 continuationem
825 723 1073 765 constituens,
1102 720 1241 757 duabus
1271 718 1421 755 circiter
1438 717 1545 754 lineis
1571 725 1673 769 post,
1701 717 1736 754 in
1763 730 1913 754 mmmm
1940 719 2209 754 ascendentem

386 788 474 826 etin
494 787 784 825 descendentem
803 780 990 819 dividitur.

589 842 632 896 α)
659 843 810 879 Ramas
832 839 1049 875 ascendens
1075 848 1141 871 seu
1161 836 1310 870 arteria
1327 836 1503 881 hepaliea
1526 836 1695 881 propria
1717 830 1762 885 ¹¹),
1786 846 1888 884 quae,
1914 833 2099 883 pancreati
2118 832 2210 870 duos

386 902 553 941 ramulos
581 899 734 949 largita,
762 894 906 947 hepatis
933 893 1072 930 fossam
1098 900 1349 929 transversam
1365 889 1466 942 petit,
1493 897 1530 926 et
1554 890 1592 926 in
1619 904 1662 927 ea
1688 889 1836 927 fatiscit.

583 960 622 1004 β)
658 956 809 992 Ramas
828 953 1066 990 descendens
1097 962 1162 985 seu
1191 952 1340 985 arteria
1362 951 1834 996 pylorico-flataecreatica
1868 954 1920 994 ⁵),
1948 961 2039 999 quae
2066 946 2211 998 pyloro,

387 1015 552 1054 duodeno
575 1022 610 1051 et
637 1010 825 1064 pancreati
853 1007 1086 1061 impenditur.

492 1073 521 1121 s)
548 1073 710 1109 Arteria
742 1070 958 1106 coronaria
984 1068 1189 1104 ventriculi
1217 1064 1263 1114 ⁶),
1291 1078 1382 1114 quae
1402 1065 1599 1102 ventriculi
1625 1079 1775 1117 parvam
1810 1074 2064 1108 curvaturam,
2086 1063 2129 1100 de
2151 1076 2214 1114 py-

387 1132 468 1169 loro
496 1129 541 1166 ad
571 1127 731 1166 cardian]
754 1139 886 1163 versus
914 1124 1070 1167 directa,
1098 1122 1208 1173 legit,
1240 1121 1276 1158 in
1295 1122 1494 1174 eodemque
1514 1123 1659 1160 viscere
1680 1123 1885 1161 absumitur
1907 1123 1953 1175 ⁷).

538 1189 569 1223 3.
599 1184 775 1235 Quinque
795 1182 913 1220 adhuc
940 1185 1113 1219 arlem'ae
1131 1183 1405 1217 imm-costales
1424 1184 1457 1227 8)
1491 1188 1647 1232 utroque
1674 1181 1710 1218 in
1736 1181 1861 1219 latere.

537 1246 569 1280 ll.
596 1245 781 1280 Arteriae
806 1242 1063 1287 spei-maricae
1080 1241 1254 1275 internae
1273 1241 1316 1285 ⁹),
1344 1251 1435 1289 quae
1462 1237 1497 1274 in
1524 1252 1624 1275 mare
1644 1239 1874 1283 testiculum,
1902 1238 1937 1275 in
1964 1238 2097 1275 femina
2124 1250 2212 1274 vero

390 1303 528 1345 ovaria,
557 1314 624 1338 nec
648 1313 742 1343 non,
769 1297 924 1348 alicujus
951 1295 1104 1347 gracilis
1131 1294 1264 1331 ramuli
1292 1309 1379 1347 ope,
1407 1295 1602 1346 glandulas
1629 1298 1888 1348 suprarenales
1908 1296 2044 1334 intrant
2069 1298 2128 1343 ¹⁰).
2171 1295 2216 1331 In

392 1361 541 1404 femina,
570 1370 721 1395 numero
748 1363 906 1406 quatuor
933 1353 969 1390 in
999 1353 1147 1397 dextro,
1181 1367 1333 1389 numero
1360 1361 1437 1390 tres
1463 1362 1584 1391 autem
1610 1354 1645 1391 in
1672 1355 1826 1392 sinistro
1854 1355 1990 1399 latere,
2026 1353 2063 1390 in
2090 1352 2215 1404 plures

445 1514 470 1549 ⁷]
496 1513 529 1541 Si
554 1511 736 1549 digestionis
761 1519 876 1548 organa
905 1510 934 1537 iu
959 1514 1023 1537 tres
1047 1514 1165 1545 parteS,
1199 1510 1226 1537 in
1258 1512 1442 1539 anteriorem
1466 1512 1602 1545 scilicet,
1628 1512 1655 1539 in
1682 1512 1818 1544 mediam,
1844 1516 1873 1539 et
1896 1512 1923 1539 iu
1949 1511 2151 1548 posteriorem
2176 1510 2217 1537 di-

496 1566 649 1598 viduntur,
675 1564 808 1600 priorem
831 1572 867 1589 ex
891 1564 1012 1591 arlem'a
1030 1563 1239 1597 oesoplcayea,
1265 1562 1391 1590 mediam
1416 1572 1452 1590 ex
1477 1562 1599 1592 arteria
1623 1565 1773 1597 coellaca,
1797 1563 2000 1600 posteriorem
2023 1562 2090 1589 inde
2108 1572 2143 1589 ex
2168 1570 2218 1589 αι·-

497 1618 578 1646 teria
600 1616 813 1644 meseucerica
843 1616 1000 1642 communi
1023 1614 1205 1650 sauguinem
1230 1614 1387 1649 recipere,
1412 1615 1597 1652 colligimus.
1625 1615 1718 1651 Cujus
1743 1616 1860 1643 ratione
1884 1615 2001 1648 habita,
2026 1618 2141 1651 partem
2166 1622 2216 1640 an-

497 1669 640 1696 teriorem
665 1671 694 1694 et
718 1666 918 1703 posteriorem
952 1675 988 1693 ex
1012 1669 1103 1694 aorta
1127 1667 1260 1694 sinistra
1284 1667 1430 1703 sanguine
1455 1668 1555 1703 potius
1580 1676 1711 1700 venoso,
1736 1673 1851 1704 partem
1876 1668 2003 1695 mediam
2026 1676 2117 1699 vero,
2143 1674 2218 1702 quae

499 1730 514 1746 e
545 1719 743 1747 nobilissimis
773 1717 944 1745 visceribus
977 1718 995 1748 i,
1028 1727 1052 1745 e.
1085 1728 1099 1745 e
1131 1718 1318 1751 ventriculo,
1352 1719 1486 1746 duodeno
1511 1724 1538 1746 et
1563 1720 1669 1756 hepate
1694 1721 1895 1756 componitur,
1920 1729 1957 1747 ex
1981 1723 2073 1747 aorca
2104 1720 2219 1746 (It’oelra

499 1772 646 1808 sanguine
677 1771 777 1806 potius
808 1769 959 1797 arterioso
991 1770 1134 1807 irrigari,
1168 1770 1276 1807 liquet:
1311 1788 1351 1793 —-
1379 1772 1529 1800 arterioso
1559 1773 1676 1809 potius,
1709 1773 1846 1809 inquam,
1878 1769 1985 1808 quippe
2017 1779 2083 1799 cuin
2108 1773 2220 1797 (tortae

499 1826 636 1851 dea-crae
666 1831 733 1850 cum
766 1823 897 1849 sinistra
928 1822 1131 1849 anastomosis
1161 1822 1280 1849 minime
1313 1823 1469 1859 impediat,
1501 1825 1660 1860 quominus
1692 1827 1809 1852 aero-a
1838 1824 1986 1861 sanguine
2019 1823 2118 1860 magis
2149 1831 2221 1858 oxy·

495 1879 605 1911 genato
640 1883 727 1910 quam
760 1875 892 1900 sinistra
914 1873 1050 1909 praedita
1073 1874 1122 1901 sit.
1150 1874 1204 1900 Cui
1227 1882 1310 1901 meae
1334 1872 1499 1902 adsertioni
1523 1875 1678 1912 suppetias
1710 1877 1826 1903 laturus
1850 1875 2108 1907 commemorabo,
2132 1883 2220 1910 prae-

495 1925 591 1953 dictae
625 1929 779 1952 aortarum
812 1929 1044 1952 anastomoseos
1077 1933 1148 1960 ope,
1173 1925 1339 1960 pauxillum
1364 1930 1477 1954 tantum
1508 1928 1667 1964 sanguinis
1692 1937 1729 1955 ex
1753 1933 1845 1955 norea
1867 1929 1999 1955 sinistra
2022 1927 2050 1953 in
2071 1929 2221 1954 dea-{ram

497 1976 615 2014 ingredi
640 1985 748 2012 posse,
773 1976 915 2011 quoniam
940 1975 1113 2003 earumdem
1129 1985 1232 2003 amnes
1254 1986 1291 2004 ex
1311 1986 1406 2014 aequo
1426 1979 1488 2005 fere
1512 1978 1547 2006 ab
1568 1980 1697 2007 invicem
1720 1979 1867 2007 distantes
1891 1979 2071 2012 decurrunt,
2097 1979 2221 2006 ostium-

498 2039 554 2067 que
587 2033 763 2066 praeterea,
799 2037 852 2064 per
876 2027 953 2064 quod
977 2028 1182 2055 anastomosis
1203 2028 1268 2055 lieri
1286 2034 1405 2065 potest,
1430 2031 1514 2057 valde
1538 2036 1701 2068 angustum
1725 2031 1887 2068 reperitur.
1911 2047 1951 2052 -—
1973 2032 2102 2067 Egomet
2124 2030 2220 2057 liben—

500 2083 559 2109 tius
591 2080 662 2108 milii
683 2079 868 2116 persuadeo,
900 2079 988 2114 liujus
1021 2079 1065 2107 sic
1094 2079 1190 2106 dictae
1226 2086 1457 2109 anastomoseos
1493 2083 1624 2110 ofticium
1659 2084 1686 2110 in
1716 2092 1751 2110 eo
1786 2092 1877 2115 esse,
1913 2087 1943 2110 ut
1974 2082 2132 2118 sanguinis
2155 2090 2222 2109 cur-

499 2142 565 2161 sum
595 2136 743 2168 temperet
764 2132 882 2168 potius,
908 2140 995 2167 quam
1021 2131 1221 2168 qualicunque
1246 2134 1381 2169 perfecta
1404 2134 1548 2162 mixtione
1573 2135 1744 2164 confundat.
1767 2151 1803 2154 ——
1830 2135 2013 2167 Praeterea,
2037 2142 2126 2170 quum
2151 2142 2221 2160 am·-

499 2191 549 2213 tae
574 2185 723 2212 sinistrae
750 2184 777 2210 in
798 2185 951 2211 arteriam
982 2185 1225 2211 llzesencericam
1252 2194 1446 2213 conmzfanem
1470 2188 1654 2214 continuatio
1684 2187 1914 2223 longissimum,
1939 2187 1958 2215 i.
1984 2195 2010 2216 e,
2036 2195 2052 2213 a
2075 2184 2164 2212 corde
2186 2184 2221 2211 ad

501 2236 676 2264 intestinum
706 2238 822 2262 rectum
856 2243 950 2271 usque
984 2235 1073 2262 faciat
1098 2235 1170 2267 iter,
1200 2240 1289 2272 atque
1312 2237 1415 2264 nullibi
1440 2238 1500 2265 fixo
1523 2238 1650 2275 gaudeat
1674 2243 1801 2275 puncto,
1825 2239 1884 2265 imo
1916 2247 1986 2265 vero
2009 2236 2221 2264 mohilissimis

504 2288 718 2316 intestinorum
744 2287 830 2324 gyris
854 2291 967 2314 tautum
1001 2287 1152 2324 adligetur
1168 2309 1175 2321 ,
1208 2287 1378 2323 hujusmodi
1403 2290 1608 2317 anastomosin
1633 2290 1698 2317 ideo
1731 2290 1855 2327 provida
1881 2294 1987 2317 natura
2009 2289 2104 2324 jussit
2135 2287 2223 2323 fieri,

500 2344 532 2368 ut
549 2340 671 2368 arteria
688 2341 901 2366 mesenterica
924 2341 1115 2371 eommunis,
1141 2339 1207 2374 ejus
1233 2348 1288 2376 ope
1309 2341 1435 2377 quodam
1459 2342 1550 2369 veluti
1577 2343 1742 2370 retinaculo
1762 2347 1863 2375 tensa,
1890 2343 1945 2370 sub
1970 2340 2144 2378 vagantium
2175 2339 2225 2366 in-

499 2392 681 2420 testinorum
713 2390 862 2424 motibus,
891 2391 927 2418 ab
961 2391 1068 2418 iisdem
1095 2392 1323 2420 circumvineiri
1356 2398 1501 2430 nequeat,
1523 2403 1580 2431 qua
1599 2394 1715 2422 ratione
1737 2403 1852 2431 organa
1872 2394 1921 2422 illa
1941 2393 2029 2426 laedi,
2053 2397 2081 2420 et
2097 2392 2225 2419 liberum

501 2443 662 2480 sanguinis
685 2443 830 2470 circulum
850 2443 1008 2479 intercipi,
1039 2443 1235 2479 oportuisset.
1257 2460 1297 2465 -—
1321 2444 1511 2482 Quapropter
1537 2446 1583 2473 sie
1608 2446 1703 2474 dictae
1728 2451 1881 2474 aortarum
1906 2451 2136 2474 anastomoseos
2160 2445 2224 2471 offi-

503 2496 582 2523 cium
607 2495 717 2531 triplex
743 2494 813 2521 milii
838 2503 907 2522 esse
932 2494 1069 2533 videtur,
1090 2497 1230 2531 primum
1258 2497 1377 2532 inquam
1404 2501 1435 2523 ut
1458 2499 1598 2525 arteriae
1621 2500 1851 2526 inescaret-icae
1877 2500 2032 2526 communi
2059 2496 2224 2524 retinaculo

506 2548 555 2580 sit,
572 2546 748 2574 seeundum
770 2551 801 2573 ut
819 2546 953 2581 ejusdem
972 2547 1103 2575 arteriae
1126 2547 1284 2584 sauguinis
1302 2552 1449 2584 temperet
1471 2557 1593 2576 cursum
1606 2571 1613 2582 ,
1638 2552 1764 2577 tertiam
1786 2550 1913 2586 denique
1929 2553 1960 2576 ut
1978 2548 2104 2576 duarum
2124 2552 2223 2575 aorta·

504 2607 570 2626 rum
589 2598 715 2635 sanguis
730 2597 853 2625 minima
871 2598 989 2634 quidem
1007 2598 1059 2626 sed
1078 2599 1203 2635 quadam
1223 2605 1320 2628 tamen
1341 2603 1526 2636 temperetur
1544 2600 1698 2628 mixtione.

455 2648 493 2687 ¹⁰]
516 2650 583 2677 Tali
606 2650 747 2682 nomine,
778 2650 957 2678 auctoritate
990 2651 1154 2679 clarissimi
1183 2652 1309 2679 Ecker
1334 2652 1476 2685 innixus,
1496 2652 1654 2689 glandulas
1677 2653 1839 2690 quasdam,
1867 2654 2073 2691 generationis
2101 2651 2226 2689 organis

505 2701 695 2736 adjacentes,
726 2701 893 2738 eompe1103
918 2702 985 2730 vide
1010 2703 1144 2738 ejusdem
1169 2705 1317 2732 auctoris:
1336 2707 1425 2738 „Der
1450 2704 1582 2739 seim-re
1608 2706 1679 2733 Bau
1700 2707 1758 2733 der
1781 2706 2001 2734 Nebenniereu
2024 2705 2103 2733 heim
2128 2704 2224 2731 Men-

510 2754 605 2781 schen
622 2755 690 2781 und
707 2755 770 2781 den
787 2755 854 2781 rae'er
877 2753 1249 2784 lVirbeltltierlecassen.“

449 2874 474 2913 1)
497 2876 569 2914 mg.
603 2876 624 2904 1.
656 2874 708 2905 32.
734 2892 771 2897 —
803 2875 829 2915 2)
854 2878 921 2915 rig.
955 2879 976 2906 1.
1006 2877 1059 2909 33.
1092 2896 1130 2900 —
1161 2881 1189 2914 a)
1218 2881 1283 2918 πῆς.
1318 2882 1339 2908 1.
1369 2881 1421 2912 3⁷⁴.
1455 2899 1493 2902 -
1526 2880 1552 2920 ι)
1576 2881 1643 2919 Fig.
1668 2883 1691 2912 1.
1715 2882 1765 2913 36.
1788 2883 1839 2914 36.
1865 2899 1903 2904 —
1928 2886 1953 2920 ⁵)
1976 2885 2042 2921 γῆς.
2067 2885 2088 2911 l.
2113 2883 2163 2914 35.
2187 2901 2226 2904 -

508 2928 534 2961 ⁶)
557 2928 622 2964 Fig.
646 2925 670 2956 Ι.
694 2927 744 2958 37.
768 2927 819 2958 37.
846 2946 885 2949 -
910 2927 935 2963 ⁶⁴)
957 2931 1022 2967 Fig.
1049 2931 1071 2958 l.
1097 2931 1145 2961 28.
1169 2931 1219 2962 28.
1245 2938 1299 2962 etc.
1324 2949 1364 2954 —
1389 2932 1415 2972 ξ”)
1441 2935 1506 2971 Fig.
1525 2934 1548 2963 l.
1571 2933 1621 2965 38.
1643 2934 1693 2965 38.
1718 2940 1774 2963 etc.
