2559 3609
1054 495 1365 529 —35—

449 580 480 615 5.
507 578 671 614 Arteria
691 576 858 622 sleoeoris
880 575 1075 621 profundi
1101 575 1134 620 ¹)
1162 574 1266 623 cujus
1294 572 1452 609 officium
1479 572 1587 610 etiam
1616 585 1660 609 ex
1686 570 1832 608 nomine
1858 577 1967 622 patet.

451 637 482 671 6.
508 635 670 671 Arteria
696 632 848 668 ulnaris
869 631 1075 679 profunda
1102 631 1146 677 ²),
1173 642 1264 680 quae
1290 628 1424 666 ceteris
1451 629 1678 681 profundior,
1706 636 1741 666 et
1771 627 1839 665 sub
1866 627 2030 664 musculo
2058 640 2118 664 cu-

300 692 414 736 hitali,
442 690 498 728 cui
516 704 604 727 vasa
630 687 799 738 largitur,
825 686 966 730 abdita,
995 686 1040 723 ad
1071 685 1170 738 carpi
1197 686 1292 723 latus
1319 685 1447 723 ulnare
1472 699 1588 738 usque
1613 685 1885 737 proficiscitur,
1920 684 1981 721 ubi
2017 690 2118 722 arle-

300 755 398 788 riam
432 750 606 786 volarem
632 748 809 783 ulnarem
837 747 941 793 (liqui
965 746 1106 782 minimi
1132 743 1332 781 constituit.

396 808 428 842 7.
453 807 614 842 Arteria
640 805 792 840 alnaris
818 804 1077 852 superficiali-5
1099 803 1132 850 3)
1152 800 1325 852 denique,
1352 814 1442 852 quae
1469 801 1634 838 ulnarem
1666 798 1883 837 antibrachii
1912 798 2117 847 marginem

299 877 413 916 usque
441 861 486 899 ad
515 861 610 898 idem
644 859 744 910 carpi
767 859 863 896 latus
884 858 1108 896 subcutanea
1130 859 1279 909 legens,
1305 857 1404 895 illico
1426 861 1609 896 arteriam
1638 860 1836 896 dor-salem
1861 858 2038 894 ulnarem
2065 857 2119 892 di-

294 925 368 972 yiti
391 922 533 958 minimi
551 917 673 955 eflicit.

862 1073 900 1139 ξ.
942 1075 1020 1124 15.
1067 1072 1289 1123 Arteria
1326 1071 1564 1124 radialis.

403 1204 564 1240 Arteria
587 1205 752 1239 radiale‘s
766 1205 815 1251 4),
845 1214 946 1253 quae,
973 1200 1024 1237 uti
1053 1203 1224 1237 arteriae
1242 1201 1451 1236 brachialis
1480 1198 1723 1241 continuatim
1750 1212 1839 1235 suos
1867 1212 1990 1235 ramos
2021 1211 2118 1234 mus-

301 1259 392 1296 culis
416 1258 632 1296 antibrachii
659 1259 929 1310 posterioribus
958 1265 992 1294 et
1019 1256 1138 1294 manui
1165 1256 1344 1306 largitur,
1372 1270 1598 1294 communem
1628 1256 1783 1293 musculi
1809 1255 1970 1306 bicipitis
1996 1254 2117 1291 tendi-

300 1331 382 1353 nem
405 1316 562 1367 trajicit,
590 1323 713 1368 atque³
742 1316 834 1353 radii
862 1315 905 1352 ad
932 1316 1028 1352 latus
1055 1315 1236 1351 internum
1257 1321 1292 1349 et
1309 1327 1425 1364 usque
1451 1313 1495 1350 ad
1516 1315 1594 1363 ejus
1621 1313 1767 1350 tertiam
1792 1321 1933 1364 partem
1952 1311 2117 1362 superio-

300 1388 377 1411 rem
409 1373 654 1418 descendens,
690 1373 853 1424 ejusdem
890 1372 988 1409 ossis
1025 1371 1231 1423 (liaphysim
1266 1370 1414 1413 circuit,
1451 1370 1715 1421 regionemque
1750 1369 1966 1407 antibrachii
1993 1376 2116 1420 poste-

300 1431 436 1468 riorem
472 1431 688 1482 profundam
723 1429 954 1482 adsequiturg
988 1429 1023 1465 in
1060 1443 1147 1479 qua,
1186 1429 1351 1465 musculo
1378 1428 1526 1464 cubitali
1557 1436 1663 1479 atque
1691 1435 1885 1464 extensore
1912 1426 2116 1476 digitorum

301 1489 455 1533 obtecta,
471 1488 612 1525 radium
640 1488 735 1525 inter
762 1496 795 1525 et
824 1487 965 1531 ulnam,
992 1500 1104 1538 super
1130 1487 1333 1523 musculum
1354 1493 1590 1538 pronatorem
1617 1484 1831 1537 quadratum
1863 1492 1898 1521 et
1924 1483 2006 1520 inde
2033 1484 2117 1519 suh-

300 1554 356 1583 ter
393 1546 642 1597 supinatorem
677 1545 887 1582 inferiorem
924 1544 995 1581 iter
1030 1543 1134 1588 facit,
1169 1543 1282 1581 donec
1314 1543 1511 1594 metaearpi
1546 1542 1698 1580 dorsum
1732 1550 1854 1585 nacta,
1888 1542 1923 1578 in
1960 1549 2117 1592 quatuor

302 1606 472 1641 arteria-s·
500 1606 676 1652 rlzjyitales
703 1616 923 1640 communes
943 1601 1106 1638 discedit.

404 1661 463 1697 Ex
492 1664 641 1698 arteria
668 1663 813 1698 radiali
839 1660 1027 1696 oriuntur:

403 1719 452 1759 A,
479 1718 522 1754 In
550 1718 641 1755 facie
667 1717 842 1755 anteriori
871 1715 1105 1754 antibrachii:

450 1779 479 1812 1.
505 1777 667 1812 Arteria
702 1788 914 1812 recurrens
950 1776 1117 1811 radialis
1145 1778 1176 1821 ⁵)
1209 1789 1317 1825 quae,
1350 1783 1541 1812 externum
1570 1773 1712 1810 humeri
1739 1772 1937 1823 condylum
1962 1785 2116 1815 versus,

300 1835 360 1872 ubi
396 1848 476 1871 cum
512 1836 668 1870 arteriis
704 1834 998 1870 collateralibus·
1033 1834 1249 1869 radiallbas
1287 1840 1321 1868 et
1355 1832 1391 1868 in
1428 1839 1507 1869 rese
1552 1834 1767 1869 articulare
1801 1832 1914 1867 cubiti
1943 1829 2114 1871 confluit,

300 1891 471 1929 recurrit.

401 1949 447 1985 Β.
474 1948 517 1984 In
535 1945 732 1998 posteriori
753 1945 970 1982 antibrachii
987 1944 1098 1981 facie:

300 2019 455 2056 magnus
481 2004 774 2041 ramusculorum
807 2002 1068 2039 muscularium
1097 2016 1287 2047 numerus,
1316 2017 1425 2054 quos,
1453 2016 1534 2039 cnm
1570 2015 1695 2039 eorum
1715 2000 1926 2052 complexus
1947 2003 2117 2037 arteriae

299 2068 537 2101 infero-sseae
573 2063 802 2100 ‹mamae-hie·
835 2067 1021 2098 eoeternae
1056 2059 1214 2096 hominis
1251 2060 1542 2111 aequiparandus
1578 2060 1647 2102 sit,
1677 2062 1847 2097 arterias
1873 2061 2116 2096 itaet-osseas·

301 2120 512 2165 denomin03
540 2133 691 2170 quarum
709 2118 926 2170 praecipuae
944 2124 1047 2155 sunt:

448 2180 480 2213 2.
508 2178 593 2213 Art.
610 2189 820 2214 recurrens
835 2179 1053 2214 interossea
1070 2178 1101 2224 ⁶)
1125 2189 1215 2227 quae
1234 2175 1271 2212 in
1294 2184 1446 2211 externa
1474 2182 1508 2212 et
1531 2173 1713 2225 profunda
1730 2172 1842 2210 cubiti
1862 2172 1953 2209 facie
1972 2171 2016 2209 ad
2034 2178 2116 2210 rete

300 2237 513 2273 articulare
526 2236 641 2271 cubili
656 2232 825 2270 recurrit.

448 2294 481 2328 3.
513 2299 548 2328 et
576 2293 608 2327 ll.
645 2295 814 2328 arteriae
849 2294 1088 2328 interosseae
1119 2294 1307 2338 majores,
1341 2294 1525 2338 superior
1556 2291 1588 2337 ⁷)
1624 2296 1660 2325 et
1686 2291 1855 2336 inferior
1883 2290 1928 2335 8),
1961 2301 2112 2339 quarum

301 2350 402 2401 prior
433 2349 470 2386 in
499 2348 636 2391 media,
664 2347 823 2385 secunda
840 2361 927 2385 vero
955 2347 995 2384 in
1021 2348 1197 2386 inferiore
1218 2348 1317 2385 illius
1336 2347 1501 2398 regionis
1528 2354 1630 2398 parte
1652 2344 1814 2382 decurrit
1834 2350 1876 2393 9).

401 2407 441 2444 C.
469 2407 512 2443 In
540 2418 668 2443 manu:

448 2467 480 2501 5.
506 2464 597 2500 rami
619 2462 662 2500 ad
679 2470 759 2501 rete
782 2466 892 2511 carpi
910 2465 1082 2501 dorsale.

348 2634 374 2668 ⁴³)
398 2632 533 2669 Spatium
555 2632 757 2660 interosseum
781 2632 877 2669 quoad
907 2632 1124 2669 longitudinem
1147 2632 1188 2659 ita
1215 2632 1245 2659 in
1271 2633 1328 2659 tria
1351 2632 1503 2659 curricula
1526 2631 1616 2659 dividi
1640 2635 1761 2668 potest,
1783 2634 1814 2657 ut
1837 2630 1965 2665 primum
1989 2630 2037 2657 vel
2060 2639 2110 2657 su—

399 2683 502 2719 perius
526 2683 561 2710 ab
585 2683 697 2710 arteria
719 2683 772 2712 Nr.
796 2684 834 2717 2,
859 2683 1021 2711 secundum
1050 2683 1098 2710 vel
1122 2683 1251 2711 medium
1275 2683 1311 2710 ab
1334 2683 1446 2711 arteria
1477 2683 1529 2711 Nr.
1552 2682 1589 2717 3,
1614 2683 1735 2710 tertium
1760 2681 1805 2708 vel
1828 2681 1956 2709 inferius
1985 2681 2111 2718 denique

400 2735 436 2762 ab
458 2734 570 2762 arteria
589 2734 646 2763 Nr.
669 2733 707 2766 ll,
731 2743 804 2763 vasa
823 2735 960 2771 recipiat⁶

348 2873 374 2911 ι)
397 2873 465 2912 rig.
488 2873 571 2900 vm.
595 2872 646 2903 23.
670 2889 708 2894 —
726 2871 989 2910 2JFig.V111.24.
1015 2887 1054 2892 —
1078 2869 1104 2910 3)
1128 2872 1194 2910 rig.
1225 2872 1277 2899 lx.
1307 2872 1337 2902 3.
1362 2887 1401 2892 —
1425 2869 1453 2910 ⁴)
1483 2872 1550 2909 rig.
1584 2871 1664 2899 vm.
1694 2871 1745 2901 25.
1769 2872 1822 2902 25.
1847 2872 1913 2909 rig.
1944 2870 1995 2897 ix.
2019 2869 2047 2899 ιι.
2070 2884 2111 2890 -

399 2925 426 2957 ⁵)
458 2924 525 2960 Εἰς.
555 2924 639 2954 vm.
667 2925 718 2954 26.
743 2941 781 2945 -
805 2922 832 2963 6)
862 2924 929 2961 Fig.
964 2924 1016 2952 lx.
1050 2923 1079 2952 5.
1104 2939 1144 2944 —
1169 2921 1195 2961 7)
1228 2924 1294 2961 rig,
1320 2923 1371 2952 ix,
1402 2923 1431 2954 6.
1456 2939 1493 2944 —
1519 2924 1546 2959 e)
1570 2923 1636 2960 πῆς.
1661 2923 1713 2951 ix.
1737 2923 1767 2953 7.

1754 2973 1776 3006 5
1794 2976 1806 2988 ἠ
