2559 3609
1192 452 1504 486 ——34—

585 537 619 572 2.
654 535 816 570 Arteria
845 532 1056 580 profunda
1082 532 1229 568 brachii
1256 533 1309 578 ¹),
1345 544 1454 582 quae,
1494 530 1658 568 musculo
1693 528 1868 567 brachiali
1903 529 2049 567 interno
2081 530 2261 582 superim-

437 591 582 644 posita,
610 603 725 641 usque
753 588 799 625 ad
825 588 964 625 fossam
992 586 1104 624 cubiti
1138 587 1344 633 descendit,
1372 587 1434 624 ubi
1461 591 1633 625 arteriae
1660 581 1906 626 collateralis
1932 591 2077 626 mediae
2103 587 2171 624 suh
2199 601 2263 625 no-

438 649 546 694 mine,
574 647 611 684 in
636 653 717 684 rete
739 648 954 684 articulare
975 646 1090 682 cubiti
1114 644 1292 681 inseritur
1319 647 1366 692 2).

539 705 600 743 Ex
628 707 778 742 arteria
799 704 1005 752 profunda
1031 704 1178 739 brachii
1204 700 1415 738 discedunt:

640 764 679 810 α)
707 761 799 798 rami
827 759 1056 797 musculares
1083 765 1142 795 sat
1168 758 1308 804 crassi,

639 821 679 867 β)
707 822 857 856 arteria
885 819 1129 855 collateralis
1165 817 1334 852 radiati-s·
1360 818 1402 863 3).
1431 827 1533 866 quae,
1560 813 1744 851 internum
1776 812 1937 864 bicipitis
1968 822 2134 852 ventrem
2161 814 2265 865 traji-

438 877 556 921 ciens,
584 875 726 912 humeri
760 882 952 912 externum
978 871 1192 910 conscendit
1219 871 1511 922 condylum,ubi‚
1539 885 1619 908 cum
1646 876 1878 908 recurrente
1904 873 2050 908 radiati
2075 872 2264 909 consocia-

438 942 486 979 ta,
514 934 550 970 in
576 938 658 970 rete
684 935 900 969 articulare
927 933 1042 968 cubiti
1067 929 1282 967 absumitur.

587 993 620 1027 3.
648 991 811 1027 Arteria
838 991 1084 1027 collaterali-s·
1111 990 1265 1025 ulnaris
1290 988 1333 1034 l³),
1362 999 1452 1037 quae
1489 986 1653 1023 musculo
1681 984 1861 1037 pectorali
1888 984 2017 1022 subtus
2046 984 2264 1031 insinuatur,

440 1057 548 1100 atque
581 1047 757 1084 musculis
791 1045 1010 1098 propinguis
1047 1045 1210 1082 ramulos
1247 1043 1425 1096 quosdam
1460 1043 1649 1088 tribuens,
1686 1042 1829 1079 humeri
1857 1042 2054 1094 condylum
2082 1042 2264 1080 internum

438 1105 684 1150 nanciscitur,
713 1104 774 1142 ubi
805 1108 899 1142 retis
927 1105 1156 1141 articularis
1184 1104 1298 1139 cubiti
1322 1100 1508 1152 particeps
1537 1099 1666 1138 evadit.

588 1165 620 1199 (l.
647 1162 770 1200 Exilis
797 1161 952 1213 denique
981 1159 1127 1213 quidam
1153 1159 1317 1197 ramulus
1346 1158 1391 1195 ad
1417 1166 1498 1196 rete
1530 1162 1746 1196 articulare
1774 1160 1889 1196 cubiti
1912 1159 2164 1210 proficiscens.

844 1309 887 1375 ξ.
920 1309 993 1361 14.
1032 1306 1256 1358 Arteria
1294 1305 1500 1357 ulnaris
1539 1305 1858 1357 communis.

540 1438 703 1473 Arteria
738 1439 892 1474 ulnaris
928 1438 1138 1473 communi-s·
1165 1436 1221 1483 ⁵),
1258 1448 1348 1486 quae
1378 1433 1627 1471 musculorum
1654 1434 1689 1470 in
1718 1433 1809 1470 facie
1837 1432 2011 1469 anteriori
2048 1431 2267 1469 antibrachii

440 1494 598 1531 sitorum
625 1493 818 1531 nutritioni
845 1501 1011 1545 praeest,
1039 1492 1181 1529 humeri
1209 1505 1321 1543 super
1350 1491 1543 1540 condylum
1574 1500 1766 1529 externum
1802 1505 1820 1528 e
1847 1490 1990 1527 duobus
2027 1488 2268 1541 perbrevibus

438 1552 581 1589 truncis
609 1551 797 1595 consistit,
826 1551 906 1603 qui,
935 1565 1006 1587 una
1033 1549 1142 1586 simul
1170 1549 1254 1594 orti,
1282 1549 1458 1585 musculis
1485 1548 1737 1599 adjacentibus
1773 1547 1897 1585 statim
1924 1546 2179 1592 insinuantur,
2206 1560 2269 1597 po-

439 1617 591 1660 steaque
628 1623 693 1646 sex
722 1609 879 1646 arterias
915 1607 1159 1660 principales,
1186 1607 1223 1644 in
1258 1606 1402 1644 interna
1436 1606 1618 1658 profunda
1645 1605 1863 1644 antibrachii
1892 1604 1983 1642 [acie
2010 1604 2268 1647 decurrentes,

438 1674 597 1718 pariunt.

541 1726 726 1762 Arteriae
754 1726 906 1762 ulmari-5
933 1723 1027 1760 rami
1054 1730 1159 1760 sunt:

593 1784 621 1817 l.
648 1783 809 1819 Arteria
835 1795 1050 1819 recurrens
1076 1783 1230 1818 alnaria·
1257 1781 1308 1827 ὃ),
1336 1780 1425 1816 haec
1459 1778 1604 1816 unicum
1640 1777 1829 1815 vasculum
1860 1776 2069 1821 constituit,
2099 1775 2194 1828 quod
2222 1789 2266 1812 ex

438 1839 661 1877 brevissimo
700 1843 870 1876 arteriae
902 1841 1057 1876 ulnaris
1097 1845 1230 1874 trunco
1267 1836 1405 1880 oritur,
1433 1844 1540 1888 atque
1574 1849 1655 1873 cum
1691 1838 1840 1873 arteria
1876 1837 2100 1873 collaterali
2126 1835 2270 1871 radiati

440 1896 685 1941 conciliatum,
712 1897 749 1933 in
776 1904 856 1934 rete
884 1899 1101 1934 articulare
1129 1897 1244 1932 cubiti
1270 1892 1354 1930 abit.

592 1957 623 1990 2.
651 1956 811 1991 Arteria
839 1956 992 1991 ulam-is
1018 1956 1151 1990 stricte
1177 1956 1234 1989 sic
1261 1954 1363 1989 dicta
1391 1954 1424 1998 ⁷)
1449 1954 1502 1999 ⁸),
1531 1964 1622 2003 quae
1650 1950 1851 1987 musculum
1883 1949 2059 1986 radialem
2086 1949 2269 1985 internum

439 2012 535 2049 inter
562 2019 595 2048 et
622 2011 799 2048 radialem
826 2011 1009 2048 internum
1037 2008 1300 2053 accessorium,
1321 2007 1452 2059 quibus
1480 2019 1603 2042 ramos
1629 2005 1799 2056 largitur,
1828 2019 1941 2056 usque
1970 2004 2014 2042 ad
2043 2005 2144 2057 carpi
2172 2005 2268 2041 lalus

438 2069 580 2107 radiale
607 2068 804 2113 descendit,
833 2077 868 2106 et
895 2067 1106 2105 eorumdem
1134 2066 1386 2104 musculorum
1424 2064 1522 2102 inter
1549 2063 1715 2101 tendines
1743 2062 1897 2114 denique
1925 2067 2073 2101 arteria
2100 2065 2269 2112 diyitalis

439 2131 591 2166 volari-s·
612 2130 772 2176 pollicis
797 2129 965 2164 radiati-s
992 2125 1124 2163 evadit.

591 2187 622 2221 3.
649 2187 810 2221 Arteria
838 2187 990 2221 alnaris
1018 2187 1243 2220 accessoria
1271 2184 1303 2229 ⁹)
1341 2195 1431 2233 quae
1468 2179 1603 2217 ceteris
1639 2177 1819 2229 gracilior
1857 2186 1891 2215 et
1926 2176 2179 2230 praecedentis
2207 2190 2268 2213 ex-

440 2251 546 2280 terno
574 2242 611 2279 in
638 2242 753 2279 latere
779 2241 871 2286 sita,
900 2240 1042 2283 iisdem,
1069 2254 1111 2277 ac
1139 2240 1212 2283 illa,
1240 2238 1417 2276 musculis
1445 2238 1659 2275 destinatur.

590 2301 623 2336 ll.
651 2302 814 2337 Arteria
835 2302 1002 2346 flea-oris
1018 2301 1276 2347 superficialis
1305 2300 1366 2344 ¹⁰),
1394 2309 1486 2347 quae
1514 2294 1677 2346 ejusdem
1706 2292 1865 2330 nominis
1894 2292 2057 2329 musculo
2084 2291 2268 2329 destinata

440 2364 516 2401 est,
542 2356 771 2408 ulteriusque
797 2355 1008 2393 continuata
1033 2355 1070 2392 in
1097 2355 1196 2406 carpi
1225 2353 1314 2391 facie
1335 2352 1451 2389 volari
1471 2353 1603 2390 exilem
1622 2366 1757 2390 areum
1783 2354 1959 2388 volarem
1985 2352 2263 2388 subcutaneam

441 2419 554 2462 carpi
580 2418 631 2461 ¹¹)
666 2413 867 2451 constituit.

492 2571 520 2602 ²)
542 2567 629 2596 Hanc
657 2568 801 2594 arteriam
833 2567 966 2602 ejusdem
995 2568 1123 2595 nominis
1147 2566 1294 2593 humanae
1319 2564 1505 2593 conformem
1529 2568 1616 2600 puto,
1641 2571 1749 2599 quum,
1773 2566 1820 2590 sat
1843 2561 1989 2598 profunde
2013 2561 2090 2594 sita,
2105 2570 2162 2588 non
2176 2561 2263 2588 modo

542 2620 705 2648 maximum
729 2621 869 2647 artem'ae
893 2620 1062 2647 brachialis
1079 2626 1231 2646 ramorum
1253 2616 1427 2647 constituat,
1439 2616 1491 2643 sed
1506 2619 1535 2643 et
1558 2615 1622 2642 fere
1640 2623 1744 2642 omnes
1760 2615 1899 2641 arterias
1912 2611 2113 2641 collaterales
2128 2612 2266 2640 dimittat.

490 2667 516 2707 Β)
540 2668 628 2697 Hunc
651 2677 788 2702 ramum,
813 2678 902 2706 quum
927 2672 1066 2698 arteriae
1088 2668 1217 2697 ulnam‘s
1227 2668 1368 2704 princeps
1389 2674 1525 2703 propago
1541 2666 1590 2698 sit,
1616 2665 1668 2692 tali
1692 2665 1810 2692 nomine
1835 2664 1994 2700 compello.

493 2812 520 2853 ι)
550 2815 618 2851 rig.
643 2815 726 2841 vm.
752 2815 800 2844 15.
825 2831 865 2836 -
894 2813 919 2852 ³)
943 2815 1009 2851 rig.
1033 2814 1116 2842 vm.
1154 2812 1204 2841 16.
1237 2811 1287 2841 16.
1318 2826 1358 2830 -
1393 2811 1419 2845 ⁴)
1446 2810 1512 2846 Fig.
1543 2809 1626 2837 vm.
1657 2808 1704 2838 17.
1739 2808 1786 2838 17.
1820 2823 1860 2829 —
1888 2806 1915 2846 5)
1943 2809 2011 2845 rig.
2037 2807 2118 2834 vm.
2154 2807 2200 2836 18.
2225 2823 2265 2827 —-

543 2865 569 2904 ε)
603 2867 671 2904 Fig.
701 2864 784 2896 vm.
816 2868 865 2897 19.
899 2882 939 2887 -
969 2869 994 2900 ν)
1029 2866 1098 2902 rig.
1130 2865 1212 2892 vm.
1248 2864 1300 2893 20.
1353 2877 1394 2882 -—
1421 2861 1448 2898 ⁹)
1480 2861 1547 2898 Fig.
1584 2858 1668 2889 vm.
1703 2860 1753 2890 21.
1792 2875 1830 2879 —
1860 2861 1901 2892 ιο)
1930 2859 1997 2896 rig.
2030 2858 2113 2886 vm.
2145 2859 2196 2889 220
2229 2874 2268 2880 -

545 2917 582 2957 ¹¹)
605 2919 672 2956 Fig.
696 2919 779 2947 vm.
801 2919 852 2949 27.
