2559 3609
1167 459 1478 495 —lllff—

561 544 592 578 2.
618 541 778 577 Arteria
806 542 954 576 surali-s·
989 541 1039 586 1),
1068 553 1177 590 quae,
1210 539 1261 576 uti
1300 541 1379 590 ejus
1412 541 1484 589 jam
1519 539 1668 578 denotat
1702 554 1855 587 nomen,
1885 541 1928 579 ad
1957 542 2143 580 musculos
2170 558 2235 594 ga-

409 596 655 635 strocnemios
683 595 887 641 descendit,
915 604 1021 648 atque
1048 610 1116 633 suo
1143 595 1211 633 sub
1239 596 1397 634 decursu
1420 606 1616 649 sequentes
1643 597 1795 635 dimittit
1822 613 1966 637 ramos:

513 657 550 703 a)
585 657 785 691 Arteriam
821 657 1107 691 articulationis
1134 668 1240 702 yeme
1272 657 1434 692 mediam
1469 669 1534 692 seu
1572 670 1755 705 azyyeam
1785 660 2010 706 inferiorem
2041 662 2089 706 2),
2122 672 2234 710 quae,

408 711 654 763 posteriorem
683 711 852 763 capsulae
888 711 1099 748 articularis
1127 711 1304 762 parietem
1330 711 1368 748 in
1395 720 1498 763 parte
1526 713 1701 750 inferiore
1720 723 1894 765 permeat.

511 766 554 821 b)
582 770 749 806 Rumam
775 772 949 807 suralem
984 772 1270 819 superficialem
1298 769 1355 821 ³),
1383 769 1443 820 qui
1472 771 1675 808 musculum
1704 771 1866 809 tibialem
1894 772 2052 810 anticum
2080 773 2232 824 legens,

409 839 491 862 cuin
519 829 669 863 arteria
696 829 918 864 mcdleolari
937 830 1156 874 posteriori
1173 829 1350 864 interiori
1368 830 1567 874 superiori
1593 828 1839 867 consociatur.

557 885 589 919 3.
619 890 654 919 et
680 884 710 918 ll.
737 885 922 920 Arteriae
949 886 1186 921 cci-licalares
1206 897 1311 932 yemc
1337 887 1566 932 inferiore-5,
1595 892 1760 923 eoeterna
1780 888 1810 934 ²²)
1830 894 1864 923 et
1885 890 2039 925 interna
2061 891 2111 933 ⁵),
2140 902 2232 939 quae

407 955 449 978 se
476 940 510 976 in
539 940 725 991 capsulam
748 940 984 977 articularem
1011 940 1208 977 insinuant.

506 997 549 1034 Β.
577 998 621 1034 In
648 998 835 1035 anteriore
862 998 981 1036 cruris
1009 1007 1135 1050 parte:

556 1059 590 1094 5.
616 1059 779 1094 Arteria
804 1071 1016 1096 recurrens
1034 1061 1253 1106 peroneass)
1275 1072 1341 1095 seu
1368 1070 1491 1094 ramus
1518 1057 1727 1095 articularis
1756 1057 1816 1109 qui
1843 1057 1887 1095 ad
1915 1066 2106 1096 externum
2133 1074 2230 1110 genu

406 1114 504 1151 latus
531 1128 679 1151 sursum
713 1115 882 1152 recurrit.

558 1175 590 1209 6.
616 1174 779 1210 Arteria
805 1186 1017 1211 recurrens
1052 1176 1192 1212 tibialis
1221 1176 1253 1221 ⁷)
1282 1186 1389 1224 quae,
1409 1186 1555 1209 sursum
1588 1186 1730 1224 quoque
1758 1172 1920 1221 directa,
1949 1173 2060 1211 tibiae
2086 1175 2234 1213 tubero-

407 1230 554 1267 sitatem
584 1230 826 1281 amplectitur.

553 1290 584 1323 7.
611 1288 764 1324 Ramas
791 1291 1222 1325 muscalo-articularis
1248 1290 1414 1335 inferior
1425 1290 1470 1335 8),
1499 1288 1558 1339 qui
1586 1301 1697 1339 super
1725 1301 1765 1324 os
1793 1302 1992 1339 peroneum
2020 1297 2231 1327 extrorsum

408 1359 540 1382 versus
568 1352 759 1389 commeat,
772 1345 1019 1397 musculisque
1046 1346 1166 1382 cruris
1194 1344 1441 1382 anterioribus
1460 1358 1526 1381 nec
1547 1358 1617 1381 non
1636 1345 1922 1394 gastrocnemiis
1950 1359 2038 1382 vasa
2058 1347 2230 1397 largitus,

407 1403 605 1454 capitulum
634 1402 732 1439 ossis
759 1404 910 1454 peronei
938 1403 1166 1447 conscendit,
1194 1403 1315 1455 ibique
1342 1416 1422 1439 cum
1449 1416 1561 1440 ramo
1589 1405 2001 1441 uia-walo-articulari
2025 1409 2229 1452 superiore

407 1460 675 1498 anastomotice
696 1460 880 1511 jungitur.

509 1520 540 1555 8.
566 1521 727 1556 Arteria
761 1522 1046 1556 (anastomotica
1080 1533 1219 1568 mayna
1245 1532 1351 1569 yena
1386 1522 1553 1566 inferior
1578 1521 1623 1565 ⁹),
1661 1531 1772 1570 quae,
1810 1518 1945 1556 cristae
1974 1518 2085 1556 tibiae
2114 1520 2230 1571 origi-

408 1590 491 1614 nem
519 1576 731 1627 trajiciens,
766 1576 950 1613 internum
984 1590 1082 1627 genu
1109 1578 1204 1613 latus
1232 1576 1474 1620 nanciscitur,
1502 1575 1622 1626 ibique
1650 1590 1729 1612 cum
1767 1580 1915 1613 arteria
1945 1581 2229 1615 (anastomotica

407 1649 548 1683 maana
567 1648 672 1683 yeme
699 1637 898 1682 superiori
924 1634 1005 1671 coit.

509 1695 541 1731 9.
570 1692 651 1729 Sub
682 1692 824 1743 reliquo
853 1691 1007 1744 denique
1035 1691 1211 1737 decursu,
1238 1691 1486 1729 anterioribus
1503 1690 1621 1727 cruris
1649 1690 1844 1737 musculis,
1874 1691 2023 1743 ossique
2044 1691 2154 1729 tibiae
2175 1706 2232 1728 ra-

408 1749 528 1786 mulos
549 1749 727 1801 quosdam
755 1748 930 1793 concedit,
959 1763 1114 1800 quorum
1142 1749 1252 1801 aliqui
1289 1757 1369 1787 rete
1396 1752 1625 1786 malleolare
1650 1753 1841 1787 inlernam
1867 1748 2128 1800 adsequuntur.

995 1866 1119 1903 Rele
1158 1868 1464 1902 articulare
1497 1878 1643 1914 yenit.

507 1955 605 1990 Rele
631 1961 752 1990 autem
781 1956 997 1991 articulare
1015 1967 1123 2001 yeme
1151 1961 1347 2004 sequentes
1376 1960 1597 2004 componunt
1616 1953 1791 1990 arteriae:
1823 1955 1852 1991 l.
1881 1961 1915 1990 et
1942 1956 1974 1990 2.
2003 1956 2103 1991 rami
2129 1967 2230 1991 mus-

407 2014 794 2053 culo-articulares,
823 2014 1029 2059 superior,
1065 2018 1101 2048 et
1126 2014 1313 2059 inferior,
1349 2014 1381 2048 3.
1409 2013 1440 2047 lt.
1468 2014 1499 2047 5.
1527 2018 1561 2047 et
1589 2014 1621 2047 6.
1651 2015 1822 2048 arteriae
1849 2015 2087 2048 articulares
2109 2025 2231 2061 penu,

406 2072 591 2118 superior
618 2073 790 2114 interna,
817 2073 1002 2118 superior
1028 2075 1215 2112 externa,
1250 2073 1419 2117 inferior
1444 2072 1609 2112 interna,
1638 2076 1671 2105 et
1691 2072 1860 2117 inferior
1885 2076 2052 2106 eir-terna
2077 2073 2109 2107 7.
2137 2076 2172 2105 et
2197 2072 2229 2105 8.

406 2130 578 2164 arteriae
607 2131 911 2166 anastomotieae
938 2141 1098 2176 maynae
1118 2141 1235 2176 yenit,
1262 2131 1444 2174 superi0r
1482 2134 1516 2163 et
1542 2130 1730 2174 inferior,
1758 2128 1788 2162 9.
1817 2134 1853 2163 et
1874 2128 1927 2163 10.
1948 2126 2105 2177 denique
2133 2134 2232 2165 arte-

405 2188 489 2221 riae
515 2192 782 2229 recurrentes,
806 2198 982 2232 peronea
1010 2192 1043 2221 et
1072 2187 1223 2222 tibialis.

806 2302 848 2368 ξ.
887 2301 970 2352 22.
1009 2299 1233 2351 Arteria
1271 2299 1471 2351 tibialis
1509 2299 1717 2369 postica
1758 2299 1833 2368 ¹⁰)-

508 2410 670 2445 Arteria
696 2411 835 2446 tibiali-s·
857 2412 1012 2456 postica
1034 2414 1095 2455 ¹¹),
1125 2421 1215 2459 quae
1230 2408 1405 2444 musculis
1426 2407 1462 2444 in
1485 2408 1594 2444 tertia
1614 2407 1781 2444 inferiori
1809 2407 2007 2459 posteriori
2031 2407 2150 2445 cruris
2168 2422 2231 2444 su-

406 2465 570 2516 perficiei
597 2473 700 2516 parte
730 2465 831 2510 sitis,
859 2480 924 2503 nec
950 2480 1022 2502 non
1041 2466 1133 2502 tarsi
1149 2465 1397 2502 articulationi
1417 2465 1598 2502 addicitur
1620 2473 1654 2503 et
1678 2465 1759 2503 inde
1780 2470 1951 2504 arteriae
1971 2468 2103 2503 ulnari
2130 2479 2228 2503 com-

404 2527 511 2560 muni
536 2530 639 2559 artus
669 2523 875 2574 superioris
904 2522 1104 2559 conformis
1134 2522 1265 2566 evadit,
1291 2536 1384 2574 pone
1414 2522 1619 2559 musculum
1647 2531 1881 2573 pronatorem
1913 2530 1949 2559 et
1975 2522 2020 2560 ad
2047 2524 2229 2561 internum

457 2678 498 2709 ¹⁰)
517 2675 603 2704 Hanc
628 2677 677 2704 tali
710 2679 827 2705 nomine
849 2677 996 2713 compello
1017 2678 1179 2709 arteriam,
1202 2677 1308 2714 quippe
1332 2686 1406 2713 quae
1432 2678 1458 2704 iu
1484 2677 1648 2714 posteriori
1671 2678 1770 2705 cruris
1796 2682 1879 2714 parte
1908 2688 1941 2705 os
1969 2678 2056 2706 tibiae
2081 2680 2218 2716 sequitur

455 2809 483 2850 ¹)
505 2813 574 2849 Fig.
602 2813 654 2839 xi.
677 2813 723 2842 17.
753 2830 789 2835 —
815 2816 844 2847 2)
868 2815 932 2852 rig.
961 2816 1012 2843 xi.
1043 2815 1092 2845 18.
1120 2829 1155 2833 -
1181 2812 1207 2851 3)
1230 2813 1297 2850 rig.
1323 2814 1376 2843 xl.
1397 2814 1449 2844 19.
1487 2829 1524 2834 —
1549 2813 1576 2851 4)
1598 2814 1666 2851 rig.
1692 2814 1742 2841 xl.
1761 2814 1811 2843 20.
1836 2829 1872 2834 -
1897 2813 1922 2852 5)
1948 2815 2015 2850 Fig.
2035 2815 2086 2841 xi.
2113 2815 2163 2844 21.
2189 2831 2229 2835 -

506 2862 532 2902 ε)
558 2865 626 2901 rig.
651 2865 717 2892 xu.
741 2865 771 2896 6.
797 2882 834 2886 -
858 2870 882 2901 τ)
910 2867 974 2903 rig.
1001 2867 1065 2894 xu.
1088 2867 1117 2897 7.
1150 2881 1187 2887 -
1220 2866 1245 2899 8)
1273 2866 1339 2902 rig.
1368 2865 1435 2896 xu.
1460 2865 1487 2895 S.
1513 2880 1552 2884 —
1575 2863 1600 2902 9)
1623 2865 1691 2902 rig.
1725 2865 1788 2892 ΧΠ.
1814 2865 1843 2894 9.
1880 2881 1917 2885 —
1943 2864 1982 2904 Η)
2006 2866 2071 2904 rig.
2099 2867 2149 2894 xi.
2176 2866 2225 2896 23.

505 2916 572 2953 rig.
593 2917 658 2945 xu.
677 2917 724 2946 ιο.
