2559 3609
1178 463 1490 499 —42—

570 547 601 581 2.
634 546 819 581 Ameriae
847 546 1026 580 sart-ales
1061 546 1248 581 laterales
1280 541 1315 595 ¹)
1343 557 1455 594 quas,
1489 543 1632 594 parvuli
1666 542 1780 588 rami⁷
1814 543 1850 580 in
1876 542 2076 580 musculari
2102 545 2243 594 pariete

418 601 553 639 sacrali
582 601 726 638 interno
757 600 842 637 hinc
866 599 950 637 inde
971 601 1172 645 emicantes
1200 601 1439 639 constituunt.

571 663 603 697 3.
630 660 793 696 Arteria
820 662 1055 706 spermatica
1083 665 1248 696 esterna
1270 662 1446 696 anterior
1473 662 1616 696 dez-{ra
1636 662 1678 707 ²),
1706 673 1816 710 quae,
1844 658 2024 696 ramulum
2053 660 2245 711 quemdam

419 716 663 753 muscularem
683 716 805 767 paullo
828 715 911 753 inde
935 731 954 752 a
978 716 1033 753 sui
1054 715 1173 767 ipsius
1197 724 1281 753 ortu
1311 716 1520 768 impartita,
1548 716 1795 768 posteriorem
1818 716 1963 754 cloacae
1989 725 2153 768 partem,
2179 732 2245 756 nec

419 787 492 811 non
519 774 627 811 finem
655 773 807 811 dextrae
835 773 952 811 ovarii
979 774 1087 810 tubae
1109 774 1209 824 petit.

569 835 600 870 ll.
626 833 787 868 Ramuli
807 834 1055 868 met-scalares
1081 834 1268 869 nonrmlli.

568 892 601 925 5.
628 890 780 925 Ramus
802 889 1250 935 pudendo-masvularis
1270 890 1313 936 3).
1340 887 1413 924 Hic
1436 901 1579 931 ramus,
1608 889 1712 938 cujus
1740 887 1918 924 decursus
1937 887 2032 924 ratio
2054 903 2072 925 e
2100 891 2245 927 nomine

412 950 491 998 jam
519 947 652 997 liquet,
681 953 716 982 et
748 945 809 996 qui
837 944 880 981 ab
907 948 1024 982 iliaca
1043 952 1227 990 esterna,
1254 959 1272 982 e
1299 945 1396 997 pelvi
1424 959 1641 996 egressura,
1672 945 1870 988 emittitur,
1900 945 2001 982 brevi
2029 947 2169 997 postia
2191 961 2246 985 se-

419 1010 571 1054 quentes
593 1002 751 1039 arterias
773 1005 810 1050 a)
832 1010 866 1039 et
886 1002 928 1052 b)
948 1001 1123 1039 discedit:

521 1063 557 1108 a>
585 1062 785 1098 Arteriam
812 1062 1036 1108 pudendam
1063 1073 1298 1098 communem
1329 1075 1399 1098 sea
1434 1065 1624 1100 internam
1649 1064 1691 1109 ¹³).
1726 1061 1845 1106 Haec,
1882 1060 2050 1098 inferiori
2082 1062 2247 1100 intestini

418 1118 510 1155 recti
537 1117 634 1169 parti
664 1131 730 1154 nec
755 1131 827 1154 non
853 1117 997 1168 podicis
1028 1117 1172 1168 regioni
1203 1118 1416 1169 adsignata,
1445 1134 1555 1170 quum
1583 1118 1737 1156 mediam
1774 1118 1943 1170 corporis
1970 1119 2102 1156 lineam
2134 1121 2247 1171 petit,

418 1175 602 1213 tendinem
622 1175 833 1228 quemdam,
861 1175 923 1226 qui
951 1175 1157 1226 aliquorum
1185 1176 1323 1213 caudae
1363 1176 1612 1213 musculorum
1630 1176 1675 1212 ad
1701 1175 1833 1227 pelvim
1861 1176 2054 1214 insertioni
2084 1177 2250 1221 inservit,

419 1248 530 1271 ansae
550 1233 594 1270 ad
621 1234 740 1271 instar
768 1233 1021 1284 amplectitur,
1052 1247 1122 1283 quo
1151 1233 1263 1277 facto,
1293 1234 1327 1270 iu
1355 1233 1446 1270 duos
1466 1241 1732 1285 consequentes
1751 1247 1874 1270 ramos
1885 1236 1923 1282 α)
1942 1242 1976 1271 et
1990 1234 2187 1282 6)discedit
2208 1240 2251 1285 ⁵)-

622 1294 662 1339 α)
690 1294 852 1329 Arteria
879 1294 1232 1329 haemorrhoiclalis
1254 1295 1456 1338 po-s·le1·1’01·
1477 1291 1532 1339 ⁶),
1562 1304 1668 1343 quae,
1690 1290 1734 1327 ad
1763 1291 1974 1328 intestinum
2002 1300 2142 1329 rectum
2169 1307 2251 1345 per-

418 1349 494 1400 git,
533 1349 770 1400 ejusdemque
805 1348 840 1384 in
868 1348 978 1385 tertia
998 1356 1102 1400 parte
1123 1349 1332 1400 posteriore
1358 1363 1441 1386 sese
1464 1348 1593 1400 perdit.

622 1410 660 1454 β)
694 1409 857 1444 Ameria
887 1409 1074 1453 pudenda
1111 1413 1278 1444 esterna
1314 1406 1349 1457 ⁷)
1383 1420 1473 1458 quae
1510 1414 1624 1443 totam
1659 1404 1801 1457 podicis
1831 1405 2041 1456 regionem,
2077 1422 2141 1444 nec
2179 1422 2251 1444 non

419 1464 615 1516 glandulas
636 1464 771 1507 amales,
802 1463 899 1500 vasis
920 1463 1080 1501 instruit.

522 1520 565 1575 b)
593 1524 759 1560 Ramum
786 1525 1047 1559 muscalarem
1075 1524 1129 1570 8),
1147 1521 1206 1572 qui
1240 1520 1485 1572 posteriorem
1514 1521 1605 1557 rami
1634 1520 1889 1558 descendentis
1906 1521 2004 1557 ossis
2032 1521 2139 1559 ischii
2166 1537 2248 1574 par-

420 1589 493 1618 tem
521 1580 630 1632 petit,
659 1579 737 1623 ubi,
764 1579 928 1616 ramulos
958 1580 1185 1616 musculares
1208 1580 1404 1616 nonnullos
1433 1579 1613 1629 largitus,
1643 1579 1678 1615 in
1706 1578 1798 1623 duos
1826 1592 1972 1630 quoque
2002 1593 2126 1615 ramos
2154 1584 2192 1623 α)
2216 1589 2250 1617 et

419 1641 458 1687 β)
487 1637 729 1689 dispescitur:

622 1699 661 1743 oc)
696 1697 894 1733 Arterlam
925 1698 1215 1743 circmnlleoeam
1249 1697 1357 1732 i-scleii
1374 1695 1427 1744 9),
1455 1708 1546 1745 qnae
1574 1694 1617 1731 ad
1645 1693 1880 1745 symphysim
1905 1692 2132 1732 ischiaticam
2166 1710 2250 1733 sur-

420 1769 502 1792 sum
529 1768 569 1790 se
587 1753 714 1799 flectit,
743 1761 777 1790 et
805 1752 970 1803 ejusdem
998 1767 1109 1804 super
1134 1752 1263 1790 faeiem
1294 1760 1483 1789 externam
1512 1751 1703 1788 lateralem
1724 1766 1840 1802 usque
1863 1750 1907 1787 ad
1928 1751 2168 1790 interstitium
2195 1754 2249 1790 in-

419 1811 745 1863 tersymphyseum
775 1810 959 1853 decurrit,
996 1811 1056 1847 ubi
1095 1811 1131 1847 in
1151 1810 1327 1847 musculis
1360 1809 1493 1846 ibidem
1520 1809 1603 1846 sitis
1634 1809 1847 1846 diradiatur.

621 1869 662 1919 β)
689 1870 1370 1916 Arteriamcircumflexamsemoris
1388 1872 1577 1905 iulet-mun
1592 1882 1656 1904 seu
1679 1871 1941 1916 postere'orem
1964 1865 2016 1919 ¹⁰)
2034 1872 2095 1916 ¹1).
2122 1868 2247 1914 Rfflni,

420 1928 457 1965 in
494 1941 586 1979 quos
621 1926 709 1963 haec
742 1925 883 1962 arteria
909 1939 994 1962 mox
1015 1925 1189 1969 discedit,
1218 1925 1261 1962 de
1288 1925 1497 1977 posteriore
1519 1925 1788 1962 articulationis
1808 1926 1952 1976 cotyles
1970 1933 2093 1977 parte⁷
2122 1927 2165 1964 ad
2194 1928 2249 1964 in-

419 1994 560 2022 ternam
589 1992 622 2021 et
650 1982 896 2034 posteriorem
926 1982 1076 2019 femoris
1105 1983 1354 2027 insinuantur,
1383 1985 1488 2033 cujus
1518 1982 1685 2033 regionis
1719 1983 1754 2019 in
1784 1983 1978 2026 musculis,
2015 1984 2249 2035 potissimum

420 2057 508 2079 vero
527 2043 561 2079 in
582 2041 844 2079 abductoribus
866 2040 1105 2091 dispenditur.

570 2103 601 2137 6.
630 2099 784 2137 Parvuli
812 2099 966 2151 denique
993 2103 1137 2138 ramuli
1165 2103 1411 2138 naus-culmea·
1450 2106 1483 2135 et
1512 2102 1758 2136 arliculares.

751 2205 792 2271 ξ.
832 2205 917 2259 20.
955 2205 1179 2256 Arteria
1215 2202 1495 2255 femoralis
1534 2220 1626 2254 seu
1669 2201 1914 2254 cruralis.

515 2314 676 2350 Arteria
697 2316 907 2361 femoralis
934 2313 1006 2363 ¹²),
1047 2313 1222 2349 musculis
1251 2311 1453 2349 ssexorihus
1478 2311 1627 2347 femoris
1660 2310 1826 2355 obtecta,
1857 2309 1987 2361 quibus
2013 2318 2046 2347 et
2078 2310 2248 2347 articula-

420 2370 509 2407 tioni
536 2384 634 2420 genu
664 2370 895 2421 potissimum
931 2370 1160 2420 adsignatur,
1185 2370 1228 2407 de
1256 2369 1465 2421 posteriore
1493 2368 1625 2419 capitis
1655 2366 1805 2403 femoris
1834 2374 1937 2417 parte
1964 2381 2079 2418 usque
2107 2367 2151 2404 ad
2178 2368 2249 2404 fos-

417 2442 496 2465 sam
524 2428 720 2479 popliteam
742 2428 924 2471 decurrit,
954 2428 1160 2480 ibidemque
1188 2433 1337 2465 arteria
1361 2431 1535 2474 poplitea
1562 2432 1804 2475 nuncupatur.

461 2531 486 2571 ⁵)
517 2534 600 2560 Ausa
627 2542 721 2569 nuper
747 2532 916 2568 descripta,
952 2534 1094 2559 arteriae
1121 2533 1294 2567 pudendae
1325 2532 1499 2559 rontmunis
1527 2529 1656 2556 hominis
1692 2528 1868 2554 relationem
1891 2526 1925 2553 ad
1959 2527 2154 2563 ligamentum
2185 2528 2250 2563 spi-

521 2593 732 2612 noso-sacrum
758 2584 844 2611 nobis
875 2589 1019 2616 revocat,
1048 2584 1122 2611 unde
1151 2584 1302 2611 luculenta
1335 2581 1412 2610 hauc
1437 2581 1678 2610 Psammosauri
1704 2579 1848 2606 arteriam
1874 2578 1952 2605 inter
1971 2582 1999 2605 et
2022 2579 2099 2606 ittam
2118 2578 2248 2606 hominis

522 2636 660 2673 analogia
692 2635 811 2672 patebit.

470 2690 508 2721 ¹¹)
532 2687 666 2722 Hujusce
690 2689 830 2716 arteriae
846 2687 1211 2721 cilrnmsletrac*directio
1237 2686 1280 2713 illi
1304 2685 1437 2721 ejusdem
1462 2685 1489 2711 in
1515 2683 1633 2711 homine
1659 2682 1759 2710 itidem
1777 2681 1914 2717 opposita
1936 2680 2044 2708 evadit.

470 2773 498 2805 ¹)
527 2772 593 2808 Fig.
619 2771 655 2799 X.
683 2771 730 2800 17.
762 2770 808 2800 17.
840 2770 888 2800 17.
922 2787 962 2791 —
995 2768 1021 2807 ²¹)
1045 2766 1112 2806 Fig.
1144 2770 1166 2798 1.
1195 2769 1243 2798 50.
1267 2769 1334 2804 Fig.
1357 2768 1393 2795 X.
1420 2767 1468 2797 18.
1504 2783 1540 2787 —
1570 2764 1595 2802 ³)
1621 2766 1685 2803 Fig.
1707 2766 1730 2793 Ῐ.
1755 2765 1804 2794 51.
1837 2765 1886 2794 51.
1906 2765 1971 2800 Fig.
1999 2763 2038 2792 X.
2064 2762 2111 2791 19.
2139 2762 2185 2792 19.
2212 2778 2249 2783 —

523 2822 550 2861 4)
572 2823 638 2859 Fig
665 2823 687 2849 1.
705 2822 755 2851 53.
778 2822 828 2851 53.
852 2823 918 2859 rig.
946 2823 981 2849 x.
1008 2822 1058 2851 20.
1081 2822 1130 2850 20.
1158 2838 1193 2841 —
1219 2819 1246 2857 θ)
1272 2821 1337 2856 Fig.
1367 2821 1388 2846 1.
1417 2819 1466 2849 514.
1493 2818 1544 2848 5'4.
1570 2819 1637 2855 rig.
1667 2818 1703 2844 x.
1726 2817 1776 2846 21.
1805 2817 1856 2846 21.
1882 2831 1919 2835 —
1944 2813 1970 2853 τ)
1997 2815 2063 2851 Fig.
2090 2815 2110 2841 1.
2131 2814 2181 2843 55.
2199 2814 2250 2844 55.

523 2875 589 2912 rig.
614 2875 649 2901 x.
674 2874 725 2904 22.
753 2875 803 2904 22.
839 2890 876 2894 —-
901 2872 926 2911 9)
952 2875 1018 2910 rig.
1045 2874 1065 2902 1.
1085 2873 1135 2902 52.
1155 2874 1204 2902 52.
1230 2874 1297 2910 rig.
1322 2872 1357 2900 Χ.
1374 2873 1425 2904 23.
1450 2886 1491 2890 —
1514 2868 1541 2909 ⁹)
1564 2868 1632 2905 Fig.
1659 2869 1697 2896 x.
1717 2868 1768 2898 2⁷1.
1790 2867 1838 2897 2'4.
1859 2883 1898 2887 -
1931 2864 1971 2905 ¹0)
1993 2866 2060 2902 Fig.
2080 2865 2117 2892 x.
2133 2865 2181 2894 25.
2199 2865 2250 2894 25.

531 2928 598 2964 rig.
623 2927 672 2954 xi.
691 2926 721 2957 3.
748 2943 783 2947 —
810 2924 848 2963 12)
868 2924 934 2963 Fig.
956 2926 992 2953 x.
1015 2926 1066 2956 26.
1091 2926 1157 2962 νίς,
1177 2925 1227 2952 xl.
1247 2925 1276 2954 5.
