<?xml version="1.0" encoding="UTF-8"?>
<!DOCTYPE html PUBLIC "-//W3C//DTD XHTML 1.0 Transitional//EN"
    "http://www.w3.org/TR/xhtml1/DTD/xhtml1-transitional.dtd">
<html xmlns="http://www.w3.org/1999/xhtml" xml:lang="en" lang="en">
 <head>
  <title>
</title>
<meta http-equiv="Content-Type" content="text/html;charset=utf-8" />
  <meta name='ocr-system' content='tesseract 3.04.00' />
  <meta name='ocr-capabilities' content='ocr_page ocr_carea ocr_par ocr_line ocrx_word'/>
</head>
<body>
  <div class='ocr_page' id='page_1' title='image "./desystematevasor00cort_0033.png"; bbox 0 0 2559 3609; ppageno 0'>
   <div class='ocr_carea' id='block_1_1' title="bbox 1077 474 1386 509">
    <p class='ocr_par' dir='ltr' id='par_1_1' title="bbox 1077 474 1386 509">
     <span class='ocr_line' id='line_1_1' title="bbox 1077 474 1386 509; baseline -0.003 -7"><span class='ocrx_word' id='word_1_1' title='bbox 1077 474 1386 509; x_wconf 83' lang='lat'>—29—</span> 
     </span>
    </p>
   </div>
   <div class='ocr_carea' id='block_1_2' title="bbox 319 549 2142 2250">
    <p class='ocr_par' dir='ltr' id='par_1_2' title="bbox 325 549 2139 659">
     <span class='ocr_line' id='line_1_2' title="bbox 426 549 2139 600; baseline 0.001 -12"><span class='ocrx_word' id='word_1_2' title='bbox 426 550 530 588; x_wconf 90' lang='lat' dir='ltr'>Haec</span> <span class='ocrx_word' id='word_1_3' title='bbox 556 563 695 600; x_wconf 87' lang='lat' dir='ltr'>organo</span> <span class='ocrx_word' id='word_1_4' title='bbox 723 549 885 593; x_wconf 84' lang='lat' dir='ltr'>auditus,</span> <span class='ocrx_word' id='word_1_5' title='bbox 914 549 1087 586; x_wconf 90' lang='lat' dir='ltr'>musculis</span> <span class='ocrx_word' id='word_1_6' title='bbox 1116 550 1398 593; x_wconf 87' lang='lat' dir='ltr'>masticatoriis,</span> <span class='ocrx_word' id='word_1_7' title='bbox 1436 551 1605 588; x_wconf 82' lang='lat' dir='ltr'><strong>dentibus</strong></span> <span class='ocrx_word' id='word_1_8' title='bbox 1628 552 1797 589; x_wconf 81' lang='lat' dir='ltr'>maxillae</span> <span class='ocrx_word' id='word_1_9' title='bbox 1824 551 2033 597; x_wconf 86' lang='lat' dir='ltr'>inferioris,</span> <span class='ocrx_word' id='word_1_10' title='bbox 2073 554 2139 598; x_wconf 87' lang='lat' dir='ltr'>ori,</span> 
     </span>
     <span class='ocr_line' id='line_1_3' title="bbox 325 605 1777 659; baseline 0.001 -15"><span class='ocrx_word' id='word_1_11' title='bbox 325 606 530 658; x_wconf 79' lang='lat' dir='ltr'>pharyngi,</span> <span class='ocrx_word' id='word_1_12' title='bbox 557 614 592 643; x_wconf 88' lang='lat' dir='ltr'>et</span> <span class='ocrx_word' id='word_1_13' title='bbox 617 606 767 655; x_wconf 81' lang='lat' dir='ltr'>linguae</span> <span class='ocrx_word' id='word_1_14' title='bbox 794 605 949 657; x_wconf 88' lang='lat' dir='ltr'>denique</span> <span class='ocrx_word' id='word_1_15' title='bbox 977 606 1193 657; x_wconf 88' lang='lat' dir='ltr'>quibusdam</span> <span class='ocrx_word' id='word_1_16' title='bbox 1220 607 1396 644; x_wconf 88' lang='lat' dir='ltr'>musculis</span> <span class='ocrx_word' id='word_1_17' title='bbox 1423 608 1579 644; x_wconf 79' lang='lat' dir='ltr'>arterias</span> <span class='ocrx_word' id='word_1_18' title='bbox 1606 608 1777 659; x_wconf 87' lang='lat' dir='ltr'>largitur.</span> 
     </span>
    </p>

    <p class='ocr_par' dir='ltr' id='par_1_3' title="bbox 323 663 2141 999">
     <span class='ocr_line' id='line_1_4' title="bbox 426 663 2139 715; baseline 0.001 -13"><span class='ocrx_word' id='word_1_19' title='bbox 426 665 459 702; x_wconf 86' lang='lat' dir='ltr'>E</span> <span class='ocrx_word' id='word_1_20' title='bbox 494 663 613 714; x_wconf 91' lang='lat' dir='ltr'>primo</span> <span class='ocrx_word' id='word_1_21' title='bbox 652 665 839 701; x_wconf 74' lang='lat' dir='ltr'>carotidis</span> <span class='ocrx_word' id='word_1_22' title='bbox 874 670 1060 701; x_wconf 61' lang='lat' dir='ltr'>externae</span> <span class='ocrx_word' id='word_1_23' title='bbox 1095 663 1253 701; x_wconf 90' lang='lat' dir='ltr'>decursu</span> <span class='ocrx_word' id='word_1_24' title='bbox 1291 671 1391 709; x_wconf 90' lang='lat' dir='ltr'>orta,</span> <span class='ocrx_word' id='word_1_25' title='bbox 1437 672 1630 715; x_wconf 81' lang='lat' dir='ltr'>postquam</span> <span class='ocrx_word' id='word_1_26' title='bbox 1668 665 1713 701; x_wconf 88' lang='lat' dir='ltr'>ad</span> <span class='ocrx_word' id='word_1_27' title='bbox 1745 665 1841 702; x_wconf 89' lang='lat' dir='ltr'>latus</span> <span class='ocrx_word' id='word_1_28' title='bbox 1868 666 2051 703; x_wconf 89' lang='lat' dir='ltr'>internum</span> <span class='ocrx_word' id='word_1_29' title='bbox 2078 680 2139 703; x_wconf 93' lang='lat' dir='ltr'>os-</span> 
     </span>
     <span class='ocr_line' id='line_1_5' title="bbox 324 719 2138 775; baseline 0.002 -18"><span class='ocrx_word' id='word_1_30' title='bbox 324 721 377 758; x_wconf 89' lang='lat' dir='ltr'>sis</span> <span class='ocrx_word' id='word_1_31' title='bbox 397 720 563 771; x_wconf 89' lang='lat' dir='ltr'>quadrati</span> <span class='ocrx_word' id='word_1_32' title='bbox 590 719 738 770; x_wconf 88' lang='lat' dir='ltr'>delapsa</span> <span class='ocrx_word' id='word_1_33' title='bbox 757 727 822 764; x_wconf 87' lang='lat' dir='ltr'>est,</span> <span class='ocrx_word' id='word_1_34' title='bbox 851 720 1055 757; x_wconf 86' lang='lat' dir='ltr'>musculum</span> <span class='ocrx_word' id='word_1_35' title='bbox 1082 720 1135 757; x_wconf 92' lang='lat' dir='ltr'>sic</span> <span class='ocrx_word' id='word_1_36' title='bbox 1161 720 1297 757; x_wconf 88' lang='lat' dir='ltr'>dictum</span> <span class='ocrx_word' id='word_1_37' title='bbox 1320 721 1561 772; x_wconf 78' lang='lat' dir='ltr'>temporalem</span> <span class='ocrx_word' id='word_1_38' title='bbox 1587 729 1766 772; x_wconf 88' lang='lat' dir='ltr'>penetrat,</span> <span class='ocrx_word' id='word_1_39' title='bbox 1787 722 1823 759; x_wconf 87' lang='lat' dir='ltr'>in</span> <span class='ocrx_word' id='word_1_40' title='bbox 1844 723 1998 774; x_wconf 89' lang='lat' dir='ltr'>ipsoque</span> <span class='ocrx_word' id='word_1_41' title='bbox 2025 738 2138 775; x_wconf 89' lang='lat' dir='ltr'>usque</span> 
     </span>
     <span class='ocr_line' id='line_1_6' title="bbox 323 777 2138 829; baseline 0.002 -15"><span class='ocrx_word' id='word_1_42' title='bbox 323 777 369 814; x_wconf 86' lang='lat' dir='ltr'>ad</span> <span class='ocrx_word' id='word_1_43' title='bbox 394 777 559 814; x_wconf 86' lang='lat' dir='ltr'>foramen</span> <span class='ocrx_word' id='word_1_44' title='bbox 580 777 722 814; x_wconf 82' lang='lat' dir='ltr'>dentale</span> <span class='ocrx_word' id='word_1_45' title='bbox 749 777 937 828; x_wconf 83' lang='lat' dir='ltr'>posterius</span> <span class='ocrx_word' id='word_1_46' title='bbox 965 785 1132 815; x_wconf 89' lang='lat' dir='ltr'>tortuosa</span> <span class='ocrx_word' id='word_1_47' title='bbox 1159 777 1366 823; x_wconf 87' lang='lat' dir='ltr'>descendit3</span> <span class='ocrx_word' id='word_1_48' title='bbox 1393 792 1459 829; x_wconf 90' lang='lat' dir='ltr'>per</span> <span class='ocrx_word' id='word_1_49' title='bbox 1486 777 1582 829; x_wconf 89' lang='lat' dir='ltr'>quod</span> <span class='ocrx_word' id='word_1_50' title='bbox 1610 778 1772 826; x_wconf 80' lang='lat' dir='ltr'>canalem</span> <span class='ocrx_word' id='word_1_51' title='bbox 1799 779 2019 816; x_wconf 88' lang='lat' dir='ltr'>alveolarem</span> <span class='ocrx_word' id='word_1_52' title='bbox 2047 780 2138 818; x_wconf 88' lang='lat' dir='ltr'>infe-</span> 
     </span>
     <span class='ocr_line' id='line_1_7' title="bbox 328 833 2141 888; baseline 0.001 -17"><span class='ocrx_word' id='word_1_53' title='bbox 328 833 467 871; x_wconf 87' lang='lat' dir='ltr'>riorem</span> <span class='ocrx_word' id='word_1_54' title='bbox 500 834 698 885; x_wconf 84' lang='lat' dir='ltr'>ingressa,</span> <span class='ocrx_word' id='word_1_55' title='bbox 731 834 842 871; x_wconf 72' lang='lat' dir='ltr'>breve</span> <span class='ocrx_word' id='word_1_56' title='bbox 876 842 960 885; x_wconf 91' lang='lat' dir='ltr'>post</span> <span class='ocrx_word' id='word_1_57' title='bbox 998 834 1068 871; x_wconf 89' lang='lat' dir='ltr'>iter</span> <span class='ocrx_word' id='word_1_58' title='bbox 1104 834 1140 871; x_wconf 87' lang='lat' dir='ltr'>in</span> <span class='ocrx_word' id='word_1_59' title='bbox 1175 834 1320 871; x_wconf 88' lang='lat' dir='ltr'>interna</span> <span class='ocrx_word' id='word_1_60' title='bbox 1355 834 1522 871; x_wconf 85' lang='lat' dir='ltr'>maxillae</span> <span class='ocrx_word' id='word_1_61' title='bbox 1558 834 1746 872; x_wconf 88' lang='lat' dir='ltr'>inferioris</span> <span class='ocrx_word' id='word_1_62' title='bbox 1772 843 1878 886; x_wconf 88' lang='lat' dir='ltr'>parte</span> <span class='ocrx_word' id='word_1_63' title='bbox 1905 836 2141 888; x_wconf 90' lang='lat' dir='ltr'>ejusdemque</span> 
     </span>
     <span class='ocr_line' id='line_1_8' title="bbox 323 890 2140 945; baseline 0.002 -18"><span class='ocrx_word' id='word_1_64' title='bbox 323 904 440 942; x_wconf 86' lang='lat' dir='ltr'>prope</span> <span class='ocrx_word' id='word_1_65' title='bbox 467 892 643 941; x_wconf 85' lang='lat' dir='ltr'>angulum</span> <span class='ocrx_word' id='word_1_66' title='bbox 671 891 882 941; x_wconf 82' lang='lat' dir='ltr'>egreditur,</span> <span class='ocrx_word' id='word_1_67' title='bbox 912 891 1060 943; x_wconf 90' lang='lat' dir='ltr'>orisque</span> <span class='ocrx_word' id='word_1_68' title='bbox 1087 890 1204 928; x_wconf 87' lang='lat' dir='ltr'>basim</span> <span class='ocrx_word' id='word_1_69' title='bbox 1231 899 1346 935; x_wconf 87' lang='lat' dir='ltr'>nacta,</span> <span class='ocrx_word' id='word_1_70' title='bbox 1374 905 1489 942; x_wconf 85' lang='lat' dir='ltr'>usque</span> <span class='ocrx_word' id='word_1_71' title='bbox 1516 891 1560 928; x_wconf 89' lang='lat' dir='ltr'>ad</span> <span class='ocrx_word' id='word_1_72' title='bbox 1587 892 1753 929; x_wconf 85' lang='lat' dir='ltr'>maxillae</span> <span class='ocrx_word' id='word_1_73' title='bbox 1775 892 1962 930; x_wconf 83' lang='lat' dir='ltr'>inferioris</span> <span class='ocrx_word' id='word_1_74' title='bbox 1989 893 2140 945; x_wconf 86' lang='lat' dir='ltr'>apicem,</span> 
     </span>
     <span class='ocr_line' id='line_1_9' title="bbox 323 947 1472 999; baseline 0.002 -15"><span class='ocrx_word' id='word_1_75' title='bbox 323 947 385 985; x_wconf 85' lang='lat' dir='ltr'>ubi</span> <span class='ocrx_word' id='word_1_76' title='bbox 412 962 493 985; x_wconf 88' lang='lat' dir='ltr'>cum</span> <span class='ocrx_word' id='word_1_77' title='bbox 521 948 647 985; x_wconf 87' lang='lat' dir='ltr'>eadem</span> <span class='ocrx_word' id='word_1_78' title='bbox 673 948 826 985; x_wconf 89' lang='lat' dir='ltr'>alterius</span> <span class='ocrx_word' id='word_1_79' title='bbox 855 949 983 986; x_wconf 88' lang='lat' dir='ltr'>lateris</span> <span class='ocrx_word' id='word_1_80' title='bbox 1010 948 1148 985; x_wconf 85' lang='lat' dir='ltr'>arteria</span> <span class='ocrx_word' id='word_1_81' title='bbox 1176 948 1267 992; x_wconf 89' lang='lat' dir='ltr'>coit,</span> <span class='ocrx_word' id='word_1_82' title='bbox 1294 948 1472 999; x_wconf 85' lang='lat' dir='ltr'>procedit.</span> 
     </span>
    </p>

    <p class='ocr_par' dir='ltr' id='par_1_4' title="bbox 320 1005 2142 1340">
     <span class='ocr_line' id='line_1_10' title="bbox 424 1005 2142 1057; baseline 0.002 -16"><span class='ocrx_word' id='word_1_83' title='bbox 424 1005 547 1055; x_wconf 82' lang='lat' dir='ltr'>Hujus</span> <span class='ocrx_word' id='word_1_84' title='bbox 575 1005 755 1049; x_wconf 84' lang='lat' dir='ltr'>arteriae,</span> <span class='ocrx_word' id='word_1_85' title='bbox 789 1019 859 1056; x_wconf 94' lang='lat' dir='ltr'>quo</span> <span class='ocrx_word' id='word_1_86' title='bbox 887 1006 1107 1043; x_wconf 89' lang='lat' dir='ltr'>luculentius</span> <span class='ocrx_word' id='word_1_87' title='bbox 1135 1005 1295 1042; x_wconf 92' lang='lat' dir='ltr'>omnium</span> <span class='ocrx_word' id='word_1_88' title='bbox 1322 1018 1510 1042; x_wconf 89' lang='lat' dir='ltr'>ramorum</span> <span class='ocrx_word' id='word_1_89' title='bbox 1539 1006 1769 1057; x_wconf 85' lang='lat' dir='ltr'>complexum</span> <span class='ocrx_word' id='word_1_90' title='bbox 1797 1006 1996 1052; x_wconf 87' lang='lat' dir='ltr'>delineem,</span> <span class='ocrx_word' id='word_1_91' title='bbox 2024 1015 2142 1044; x_wconf 90' lang='lat' dir='ltr'>totum</span> 
     </span>
     <span class='ocr_line' id='line_1_11' title="bbox 322 1061 2142 1114; baseline 0.002 -16"><span class='ocrx_word' id='word_1_92' title='bbox 322 1062 358 1098; x_wconf 91' lang='lat' dir='ltr'>in</span> <span class='ocrx_word' id='word_1_93' title='bbox 389 1062 462 1098; x_wconf 88' lang='lat' dir='ltr'>tria</span> <span class='ocrx_word' id='word_1_94' title='bbox 494 1061 614 1099; x_wconf 88' lang='lat' dir='ltr'>stadia</span> <span class='ocrx_word' id='word_1_95' title='bbox 649 1062 808 1099; x_wconf 74' lang='lat' dir='ltr'>dividam</span> <span class='ocrx_word' id='word_1_96' title='bbox 835 1063 924 1106; x_wconf 88' lang='lat' dir='ltr'>iter,</span> <span class='ocrx_word' id='word_1_97' title='bbox 959 1063 1003 1099; x_wconf 85' lang='lat' dir='ltr'>A.</span> <span class='ocrx_word' id='word_1_98' title='bbox 1038 1062 1075 1098; x_wconf 92' lang='lat' dir='ltr'>in</span> <span class='ocrx_word' id='word_1_99' title='bbox 1109 1062 1199 1099; x_wconf 87' lang='lat' dir='ltr'>illud</span> <span class='ocrx_word' id='word_1_100' title='bbox 1233 1062 1276 1099; x_wconf 90' lang='lat' dir='ltr'>ab</span> <span class='ocrx_word' id='word_1_101' title='bbox 1305 1064 1383 1113; x_wconf 89' lang='lat' dir='ltr'>ejus</span> <span class='ocrx_word' id='word_1_102' title='bbox 1410 1062 1557 1112; x_wconf 82' lang='lat' dir='ltr'>origine</span> <span class='ocrx_word' id='word_1_103' title='bbox 1583 1077 1699 1114; x_wconf 89' lang='lat' dir='ltr'>usque</span> <span class='ocrx_word' id='word_1_104' title='bbox 1734 1063 1778 1100; x_wconf 89' lang='lat' dir='ltr'>ad</span> <span class='ocrx_word' id='word_1_105' title='bbox 1806 1064 1971 1101; x_wconf 80' lang='lat' dir='ltr'>toramen</span> <span class='ocrx_word' id='word_1_106' title='bbox 1998 1064 2142 1101; x_wconf 87' lang='lat' dir='ltr'>dentale</span> 
     </span>
     <span class='ocr_line' id='line_1_12' title="bbox 321 1118 2142 1170; baseline 0.002 -16"><span class='ocrx_word' id='word_1_107' title='bbox 321 1118 531 1168; x_wconf 86' lang='lat' dir='ltr'>posterius,</span> <span class='ocrx_word' id='word_1_108' title='bbox 569 1119 605 1155; x_wconf 92' lang='lat' dir='ltr'>in</span> <span class='ocrx_word' id='word_1_109' title='bbox 641 1133 711 1170; x_wconf 89' lang='lat' dir='ltr'>quo</span> <span class='ocrx_word' id='word_1_110' title='bbox 747 1123 895 1156; x_wconf 76' lang='lat' dir='ltr'>arteria</span> <span class='ocrx_word' id='word_1_111' title='bbox 931 1123 1155 1157; x_wconf 64' lang='lat' dir='ltr'>maxillaris</span> <span class='ocrx_word' id='word_1_112' title='bbox 1189 1123 1343 1158; x_wconf 75' lang='lat' dir='ltr'>interna</span> <span class='ocrx_word' id='word_1_113' title='bbox 1380 1123 1513 1157; x_wconf 76' lang='lat' dir='ltr'>stricte</span> <span class='ocrx_word' id='word_1_114' title='bbox 1547 1124 1603 1156; x_wconf 82' lang='lat' dir='ltr'>sic</span> <span class='ocrx_word' id='word_1_115' title='bbox 1631 1123 1733 1157; x_wconf 76' lang='lat' dir='ltr'>dicta</span> <span class='ocrx_word' id='word_1_116' title='bbox 1760 1120 1879 1163; x_wconf 85' lang='lat' dir='ltr'>audit,</span> <span class='ocrx_word' id='word_1_117' title='bbox 1913 1122 1956 1157; x_wconf 85' lang='lat' dir='ltr'>B.</span> <span class='ocrx_word' id='word_1_118' title='bbox 1984 1121 2021 1157; x_wconf 90' lang='lat' dir='ltr'>in</span> <span class='ocrx_word' id='word_1_119' title='bbox 2051 1121 2142 1158; x_wconf 87' lang='lat' dir='ltr'>illud</span> 
     </span>
     <span class='ocr_line' id='line_1_13' title="bbox 321 1175 2141 1225; baseline 0.002 -14"><span class='ocrx_word' id='word_1_120' title='bbox 321 1175 357 1211; x_wconf 93' lang='lat' dir='ltr'>in</span> <span class='ocrx_word' id='word_1_121' title='bbox 383 1175 499 1212; x_wconf 89' lang='lat' dir='ltr'>canali</span> <span class='ocrx_word' id='word_1_122' title='bbox 526 1176 703 1213; x_wconf 75' lang='lat' dir='ltr'>alveolari</span> <span class='ocrx_word' id='word_1_123' title='bbox 728 1176 914 1221; x_wconf 85' lang='lat' dir='ltr'>inferiori,</span> <span class='ocrx_word' id='word_1_124' title='bbox 946 1177 1008 1214; x_wconf 89' lang='lat' dir='ltr'>ubi</span> <span class='ocrx_word' id='word_1_125' title='bbox 1036 1181 1184 1214; x_wconf 75' lang='lat' dir='ltr'>arteria</span> <span class='ocrx_word' id='word_1_126' title='bbox 1210 1179 1424 1215; x_wconf 70' lang='lat' dir='ltr'>alveolaris</span> <span class='ocrx_word' id='word_1_127' title='bbox 1450 1180 1618 1225; x_wconf 78' lang='lat' dir='ltr'>inferior</span> <span class='ocrx_word' id='word_1_128' title='bbox 1644 1177 1797 1222; x_wconf 86' lang='lat' dir='ltr'>dicitur,</span> <span class='ocrx_word' id='word_1_129' title='bbox 1825 1178 1869 1215; x_wconf 89' lang='lat' dir='ltr'>C.</span> <span class='ocrx_word' id='word_1_130' title='bbox 1896 1178 1933 1214; x_wconf 89' lang='lat' dir='ltr'>in</span> <span class='ocrx_word' id='word_1_131' title='bbox 1960 1177 2049 1214; x_wconf 92' lang='lat' dir='ltr'>illud</span> <span class='ocrx_word' id='word_1_132' title='bbox 2078 1178 2141 1214; x_wconf 85' lang='lat' dir='ltr'>de·</span> 
     </span>
     <span class='ocr_line' id='line_1_14' title="bbox 320 1232 2141 1285; baseline 0.002 -17"><span class='ocrx_word' id='word_1_133' title='bbox 320 1232 430 1283; x_wconf 90' lang='lat' dir='ltr'>nique</span> <span class='ocrx_word' id='word_1_134' title='bbox 457 1232 500 1268; x_wconf 89' lang='lat' dir='ltr'>ab</span> <span class='ocrx_word' id='word_1_135' title='bbox 523 1235 603 1283; x_wconf 89' lang='lat' dir='ltr'>ejus</span> <span class='ocrx_word' id='word_1_136' title='bbox 630 1247 788 1282; x_wconf 88' lang='lat' dir='ltr'>egressu</span> <span class='ocrx_word' id='word_1_137' title='bbox 814 1248 857 1270; x_wconf 83' lang='lat' dir='ltr'>ex</span> <span class='ocrx_word' id='word_1_138' title='bbox 876 1233 1000 1270; x_wconf 88' lang='lat' dir='ltr'>canale</span> <span class='ocrx_word' id='word_1_139' title='bbox 1013 1233 1189 1271; x_wconf 77' lang='lat' dir='ltr'>alveolari</span> <span class='ocrx_word' id='word_1_140' title='bbox 1208 1233 1375 1270; x_wconf 89' lang='lat' dir='ltr'>inferiori</span> <span class='ocrx_word' id='word_1_141' title='bbox 1396 1247 1511 1284; x_wconf 89' lang='lat' dir='ltr'>usque</span> <span class='ocrx_word' id='word_1_142' title='bbox 1533 1233 1578 1270; x_wconf 88' lang='lat' dir='ltr'>ad</span> <span class='ocrx_word' id='word_1_143' title='bbox 1598 1234 1717 1278; x_wconf 82' lang='lat' dir='ltr'>finem,</span> <span class='ocrx_word' id='word_1_144' title='bbox 1744 1248 1838 1285; x_wconf 91' lang='lat' dir='ltr'>pone</span> <span class='ocrx_word' id='word_1_145' title='bbox 1860 1235 2029 1271; x_wconf 85' lang='lat' dir='ltr'>maxillae</span> <span class='ocrx_word' id='word_1_146' title='bbox 2048 1235 2141 1271; x_wconf 87' lang='lat' dir='ltr'>infe-</span> 
     </span>
     <span class='ocr_line' id='line_1_15' title="bbox 322 1289 1487 1340; baseline 0 -14"><span class='ocrx_word' id='word_1_147' title='bbox 322 1289 433 1326; x_wconf 89' lang='lat' dir='ltr'>rioris</span> <span class='ocrx_word' id='word_1_148' title='bbox 455 1290 608 1340; x_wconf 84' lang='lat' dir='ltr'>apicem,</span> <span class='ocrx_word' id='word_1_149' title='bbox 635 1290 696 1326; x_wconf 91' lang='lat' dir='ltr'>ubi</span> <span class='ocrx_word' id='word_1_150' title='bbox 723 1304 802 1327; x_wconf 89' lang='lat' dir='ltr'>eam</span> <span class='ocrx_word' id='word_1_151' title='bbox 828 1294 1015 1328; x_wconf 78' lang='lat' dir='ltr'>arteriam</span> <span class='ocrx_word' id='word_1_152' title='bbox 1042 1293 1146 1327; x_wconf 77' lang='lat' dir='ltr'>basis</span> <span class='ocrx_word' id='word_1_153' title='bbox 1174 1294 1256 1328; x_wconf 75' lang='lat' dir='ltr'>oris</span> <span class='ocrx_word' id='word_1_154' title='bbox 1283 1289 1487 1326; x_wconf 83' lang='lat' dir='ltr'>denomino.</span> 
     </span>
    </p>

    <p class='ocr_par' dir='ltr' id='par_1_5' title="bbox 419 1346 1736 1391">
     <span class='ocr_line' id='line_1_16' title="bbox 419 1346 1736 1391; baseline 0.001 -9"><span class='ocrx_word' id='word_1_155' title='bbox 419 1346 465 1384; x_wconf 78' lang='lat' dir='ltr'>A.</span> <span class='ocrx_word' id='word_1_156' title='bbox 493 1347 553 1382; x_wconf 87' lang='lat' dir='ltr'>Ex</span> <span class='ocrx_word' id='word_1_157' title='bbox 580 1351 729 1384; x_wconf 76' lang='lat' dir='ltr'>arteria</span> <span class='ocrx_word' id='word_1_158' title='bbox 755 1349 960 1384; x_wconf 68' lang='lat' dir='ltr'>maa-illari</span> <span class='ocrx_word' id='word_1_159' title='bbox 985 1350 1138 1384; x_wconf 71' lang='lat' dir='ltr'>interna</span> <span class='ocrx_word' id='word_1_160' title='bbox 1164 1350 1298 1384; x_wconf 68' lang='lat' dir='ltr'>stricte</span> <span class='ocrx_word' id='word_1_161' title='bbox 1326 1350 1382 1383; x_wconf 77' lang='lat' dir='ltr'>sic</span> <span class='ocrx_word' id='word_1_162' title='bbox 1408 1349 1520 1391; x_wconf 75' lang='lat' dir='ltr'>dicta,</span> <span class='ocrx_word' id='word_1_163' title='bbox 1548 1347 1736 1384; x_wconf 89' lang='lat' dir='ltr'>oriuntur:</span> 
     </span>
    </p>

    <p class='ocr_par' dir='ltr' id='par_1_6' title="bbox 321 1402 2139 1497">
     <span class='ocr_line' id='line_1_17' title="bbox 471 1402 2139 1455; baseline 0.002 -16"><span class='ocrx_word' id='word_1_164' title='bbox 471 1406 500 1440; x_wconf 93' lang='lat' dir='ltr'>l.</span> <span class='ocrx_word' id='word_1_165' title='bbox 528 1406 676 1441; x_wconf 81' lang='lat' dir='ltr'>arteria</span> <span class='ocrx_word' id='word_1_166' title='bbox 711 1406 886 1441; x_wconf 78' lang='lat' dir='ltr'>acastica</span> <span class='ocrx_word' id='word_1_167' title='bbox 922 1406 954 1452; x_wconf 91' lang='lat'>¹)</span> <span class='ocrx_word' id='word_1_168' title='bbox 983 1417 1076 1455; x_wconf 88' lang='lat' dir='ltr'>quae</span> <span class='ocrx_word' id='word_1_169' title='bbox 1102 1417 1196 1454; x_wconf 89' lang='lat' dir='ltr'>pone</span> <span class='ocrx_word' id='word_1_170' title='bbox 1230 1417 1271 1440; x_wconf 90' lang='lat' dir='ltr'>os</span> <span class='ocrx_word' id='word_1_171' title='bbox 1311 1402 1527 1454; x_wconf 87' lang='lat' dir='ltr'>quadratum</span> <span class='ocrx_word' id='word_1_172' title='bbox 1555 1411 1654 1447; x_wconf 82' lang='lat' dir='ltr'>orta,</span> <span class='ocrx_word' id='word_1_173' title='bbox 1687 1418 1728 1440; x_wconf 90' lang='lat' dir='ltr'>se</span> <span class='ocrx_word' id='word_1_174' title='bbox 1762 1404 1799 1441; x_wconf 89' lang='lat' dir='ltr'>in</span> <span class='ocrx_word' id='word_1_175' title='bbox 1826 1404 1972 1442; x_wconf 87' lang='lat' dir='ltr'>auditus</span> <span class='ocrx_word' id='word_1_176' title='bbox 1998 1419 2139 1455; x_wconf 86' lang='lat' dir='ltr'>organo</span> 
     </span>
     <span class='ocr_line' id='line_1_18' title="bbox 321 1458 431 1497; baseline -0.009 -1"><span class='ocrx_word' id='word_1_177' title='bbox 321 1458 431 1497; x_wconf 88' lang='lat' dir='ltr'>abdit.</span> 
     </span>
    </p>

    <p class='ocr_par' dir='ltr' id='par_1_7' title="bbox 321 1517 2141 1618">
     <span class='ocr_line' id='line_1_19' title="bbox 468 1517 2141 1568; baseline 0.001 -15"><span class='ocrx_word' id='word_1_178' title='bbox 468 1519 502 1554; x_wconf 77' lang='lat'>2.</span> <span class='ocrx_word' id='word_1_179' title='bbox 529 1521 678 1554; x_wconf 78' lang='lat' dir='ltr'>arteria</span> <span class='ocrx_word' id='word_1_180' title='bbox 714 1520 953 1554; x_wconf 72' lang='lat' dir='ltr'>auricularis</span> <span class='ocrx_word' id='word_1_181' title='bbox 988 1520 1156 1565; x_wconf 77' lang='lat' dir='ltr'>inferior</span> <span class='ocrx_word' id='word_1_182' title='bbox 1177 1518 1383 1565; x_wconf 75' lang='lat' dir='ltr'>profunda</span> <span class='ocrx_word' id='word_1_183' title='bbox 1411 1520 1443 1564; x_wconf 83' lang='lat'>²)</span> <span class='ocrx_word' id='word_1_184' title='bbox 1472 1518 1595 1567; x_wconf 88' lang='lat' dir='ltr'>cujus,</span> <span class='ocrx_word' id='word_1_185' title='bbox 1623 1529 1737 1568; x_wconf 87' lang='lat' dir='ltr'>prope</span> <span class='ocrx_word' id='word_1_186' title='bbox 1766 1517 2044 1567; x_wconf 87' lang='lat' dir='ltr'>praecedentem</span> <span class='ocrx_word' id='word_1_187' title='bbox 2079 1532 2141 1554; x_wconf 91' lang='lat' dir='ltr'>or-</span> 
     </span>
     <span class='ocr_line' id='line_1_20' title="bbox 321 1573 1008 1618; baseline 0.001 -9"><span class='ocrx_word' id='word_1_188' title='bbox 321 1581 399 1618; x_wconf 85' lang='lat' dir='ltr'>tae,</span> <span class='ocrx_word' id='word_1_189' title='bbox 444 1573 606 1610; x_wconf 85' lang='lat' dir='ltr'>officium</span> <span class='ocrx_word' id='word_1_190' title='bbox 641 1574 788 1611; x_wconf 85' lang='lat' dir='ltr'>nomine</span> <span class='ocrx_word' id='word_1_191' title='bbox 816 1573 1008 1611; x_wconf 86' lang='lat' dir='ltr'>indicatur.</span> 
     </span>
    </p>

    <p class='ocr_par' dir='ltr' id='par_1_8' title="bbox 321 1631 2142 1796">
     <span class='ocr_line' id='line_1_21' title="bbox 469 1631 2142 1683; baseline 0.001 -16"><span class='ocrx_word' id='word_1_192' title='bbox 469 1633 501 1667; x_wconf 87' lang='lat'>3.</span> <span class='ocrx_word' id='word_1_193' title='bbox 531 1634 701 1668; x_wconf 72' lang='lat' dir='ltr'>arteriae</span> <span class='ocrx_word' id='word_1_194' title='bbox 727 1634 964 1678; x_wconf 76' lang='lat' dir='ltr'>temporales</span> <span class='ocrx_word' id='word_1_195' title='bbox 986 1633 1214 1678; x_wconf 76' lang='lat' dir='ltr'>profundae</span> <span class='ocrx_word' id='word_1_196' title='bbox 1242 1634 1389 1682; x_wconf 80' lang='lat' dir='ltr'>3),quae</span> <span class='ocrx_word' id='word_1_197' title='bbox 1405 1638 1479 1667; x_wconf 89' lang='lat' dir='ltr'>tam</span> <span class='ocrx_word' id='word_1_198' title='bbox 1506 1631 1648 1668; x_wconf 91' lang='lat' dir='ltr'>numeri</span> <span class='ocrx_word' id='word_1_199' title='bbox 1675 1645 1786 1683; x_wconf 88' lang='lat' dir='ltr'>quam</span> <span class='ocrx_word' id='word_1_200' title='bbox 1799 1631 1997 1668; x_wconf 80' lang='lat' dir='ltr'>voluminis</span> <span class='ocrx_word' id='word_1_201' title='bbox 2019 1632 2142 1681; x_wconf 88' lang='lat' dir='ltr'>gratia</span> 
     </span>
     <span class='ocr_line' id='line_1_22' title="bbox 321 1687 2141 1739; baseline 0 -15"><span class='ocrx_word' id='word_1_202' title='bbox 321 1687 552 1738; x_wconf 87' lang='lat' dir='ltr'>conspicuae,</span> <span class='ocrx_word' id='word_1_203' title='bbox 579 1688 616 1724; x_wconf 91' lang='lat' dir='ltr'>in</span> <span class='ocrx_word' id='word_1_204' title='bbox 637 1688 813 1725; x_wconf 89' lang='lat' dir='ltr'>musculis</span> <span class='ocrx_word' id='word_1_205' title='bbox 841 1687 1102 1725; x_wconf 88' lang='lat' dir='ltr'>masticatoriis</span> <span class='ocrx_word' id='word_1_206' title='bbox 1130 1687 1398 1739; x_wconf 86' lang='lat' dir='ltr'>dispenduntur</span> <span class='ocrx_word' id='word_1_207' title='bbox 1426 1688 1465 1735; x_wconf 87' lang='lat' dir='ltr'>(i.</span> <span class='ocrx_word' id='word_1_208' title='bbox 1483 1702 1513 1726; x_wconf 77' lang='lat' dir='ltr'>e.</span> <span class='ocrx_word' id='word_1_209' title='bbox 1530 1688 1567 1725; x_wconf 90' lang='lat' dir='ltr'>in</span> <span class='ocrx_word' id='word_1_210' title='bbox 1577 1688 1753 1725; x_wconf 91' lang='lat' dir='ltr'>musculis</span> <span class='ocrx_word' id='word_1_211' title='bbox 1770 1688 2037 1739; x_wconf 85' lang='lat' dir='ltr'>temporalibus</span> <span class='ocrx_word' id='word_1_212' title='bbox 2059 1688 2088 1725; x_wconf 86' lang='lat' dir='ltr'>C</span> <span class='ocrx_word' id='word_1_213' title='bbox 2104 1702 2141 1724; x_wconf 93' lang='lat' dir='ltr'>u-</span> 
     </span>
     <span class='ocr_line' id='line_1_23' title="bbox 321 1743 1711 1796; baseline 0.002 -17"><span class='ocrx_word' id='word_1_214' title='bbox 321 1743 469 1789; x_wconf 72' lang='lat' dir='ltr'>vieri,</span> <span class='ocrx_word' id='word_1_215' title='bbox 499 1744 554 1780; x_wconf 79' lang='lat' dir='ltr'>vel</span> <span class='ocrx_word' id='word_1_216' title='bbox 574 1744 751 1781; x_wconf 85' lang='lat' dir='ltr'>musculis</span> <span class='ocrx_word' id='word_1_217' title='bbox 766 1745 960 1796; x_wconf 86' lang='lat' dir='ltr'>temporali</span> <span class='ocrx_word' id='word_1_218' title='bbox 979 1753 1014 1782; x_wconf 88' lang='lat' dir='ltr'>et</span> <span class='ocrx_word' id='word_1_219' title='bbox 1036 1753 1240 1782; x_wconf 89' lang='lat' dir='ltr'>massetere</span> <span class='ocrx_word' id='word_1_220' title='bbox 1261 1745 1508 1791; x_wconf 80' lang='lat' dir='ltr'>Meckelii‚</span> <span class='ocrx_word' id='word_1_221' title='bbox 1536 1746 1605 1783; x_wconf 92' lang='lat' dir='ltr'>loc.</span> <span class='ocrx_word' id='word_1_222' title='bbox 1634 1746 1711 1793; x_wconf 92' lang='lat' dir='ltr'>cit.)</span> 
     </span>
    </p>

    <p class='ocr_par' dir='ltr' id='par_1_9' title="bbox 323 1801 2139 1910">
     <span class='ocr_line' id='line_1_24' title="bbox 470 1801 2137 1854; baseline 0 -16"><span class='ocrx_word' id='word_1_223' title='bbox 470 1803 502 1838; x_wconf 63' lang='lat' dir='ltr'>lt.</span> <span class='ocrx_word' id='word_1_224' title='bbox 530 1805 679 1839; x_wconf 78' lang='lat' dir='ltr'>arteria</span> <span class='ocrx_word' id='word_1_225' title='bbox 705 1804 877 1839; x_wconf 56' lang='lat' dir='ltr'>buco-alis</span> <span class='ocrx_word' id='word_1_226' title='bbox 898 1805 1105 1850; x_wconf 75' lang='lat' dir='ltr'>profunda</span> <span class='ocrx_word' id='word_1_227' title='bbox 1132 1805 1186 1850; x_wconf 77' lang='lat' dir='ltr'>l¹),</span> <span class='ocrx_word' id='word_1_228' title='bbox 1225 1816 1316 1853; x_wconf 89' lang='lat' dir='ltr'>quae</span> <span class='ocrx_word' id='word_1_229' title='bbox 1343 1802 1495 1839; x_wconf 89' lang='lat' dir='ltr'>ramulis</span> <span class='ocrx_word' id='word_1_230' title='bbox 1524 1802 1740 1854; x_wconf 89' lang='lat' dir='ltr'>quibusdam</span> <span class='ocrx_word' id='word_1_231' title='bbox 1777 1802 2048 1839; x_wconf 90' lang='lat' dir='ltr'>muscularibus</span> <span class='ocrx_word' id='word_1_232' title='bbox 2086 1801 2137 1838; x_wconf 91' lang='lat' dir='ltr'>di-</span> 
     </span>
     <span class='ocr_line' id='line_1_25' title="bbox 323 1858 2139 1910; baseline 0.001 -16"><span class='ocrx_word' id='word_1_233' title='bbox 323 1858 467 1900; x_wconf 87' lang='lat' dir='ltr'>missis,</span> <span class='ocrx_word' id='word_1_234' title='bbox 486 1872 581 1909; x_wconf 89' lang='lat' dir='ltr'>pone</span> <span class='ocrx_word' id='word_1_235' title='bbox 599 1858 819 1910; x_wconf 69' lang='lat' dir='ltr'>apophysim</span> <span class='ocrx_word' id='word_1_236' title='bbox 840 1859 1098 1896; x_wconf 87' lang='lat' dir='ltr'>coronoideam</span> <span class='ocrx_word' id='word_1_237' title='bbox 1109 1859 1286 1910; x_wconf 90' lang='lat' dir='ltr'>procedit,</span> <span class='ocrx_word' id='word_1_238' title='bbox 1304 1873 1415 1910; x_wconf 86' lang='lat' dir='ltr'>seque</span> <span class='ocrx_word' id='word_1_239' title='bbox 1434 1859 1511 1896; x_wconf 87' lang='lat' dir='ltr'>oris</span> <span class='ocrx_word' id='word_1_240' title='bbox 1538 1860 1675 1910; x_wconf 89' lang='lat' dir='ltr'>angulo</span> <span class='ocrx_word' id='word_1_241' title='bbox 1703 1859 1882 1910; x_wconf 87' lang='lat' dir='ltr'>profundo</span> <span class='ocrx_word' id='word_1_242' title='bbox 1912 1859 2139 1910; x_wconf 84' lang='lat' dir='ltr'>dispartitur.</span> 
     </span>
    </p>

    <p class='ocr_par' dir='ltr' id='par_1_10' title="bbox 418 1915 1166 1964">
     <span class='ocr_line' id='line_1_26' title="bbox 418 1915 1166 1964; baseline 0.003 -13"><span class='ocrx_word' id='word_1_243' title='bbox 418 1915 462 1951; x_wconf 91' lang='grc' dir='ltr'>Β.</span> <span class='ocrx_word' id='word_1_244' title='bbox 489 1916 550 1952; x_wconf 86' lang='lat' dir='ltr'>Ex</span> <span class='ocrx_word' id='word_1_245' title='bbox 577 1920 725 1953; x_wconf 76' lang='lat' dir='ltr'>arteria</span> <span class='ocrx_word' id='word_1_246' title='bbox 751 1919 943 1954; x_wconf 78' lang='lat' dir='ltr'>alveolari</span> <span class='ocrx_word' id='word_1_247' title='bbox 967 1920 1166 1964; x_wconf 80' lang='lat' dir='ltr'>inferiori:</span> 
     </span>
    </p>

    <p class='ocr_par' dir='ltr' id='par_1_11' title="bbox 323 1972 2139 2067">
     <span class='ocr_line' id='line_1_27' title="bbox 465 1972 2139 2024; baseline 0 -15"><span class='ocrx_word' id='word_1_248' title='bbox 465 1975 497 2008; x_wconf 91' lang='lat'>5.</span> <span class='ocrx_word' id='word_1_249' title='bbox 523 1974 682 2010; x_wconf 80' lang='lat' dir='ltr'>Ramale&#39;</span> <span class='ocrx_word' id='word_1_250' title='bbox 709 1976 883 2010; x_wconf 77' lang='lat' dir='ltr'>dentales</span> <span class='ocrx_word' id='word_1_251' title='bbox 911 1977 1143 2022; x_wconf 73' lang='lat' dir='ltr'>inferiores,</span> <span class='ocrx_word' id='word_1_252' title='bbox 1172 1973 1232 2024; x_wconf 91' lang='lat' dir='ltr'>qui</span> <span class='ocrx_word' id='word_1_253' title='bbox 1266 1972 1429 2010; x_wconf 89' lang='lat' dir='ltr'>dentium</span> <span class='ocrx_word' id='word_1_254' title='bbox 1459 1973 1629 2010; x_wconf 84' lang='lat' dir='ltr'>maxillae</span> <span class='ocrx_word' id='word_1_255' title='bbox 1656 1973 1842 2010; x_wconf 90' lang='lat' dir='ltr'>inferioris</span> <span class='ocrx_word' id='word_1_256' title='bbox 1873 1972 2057 2010; x_wconf 87' lang='lat' dir='ltr'>radicibus</span> <span class='ocrx_word' id='word_1_257' title='bbox 2087 1972 2139 2009; x_wconf 91' lang='lat' dir='ltr'>in-</span> 
     </span>
     <span class='ocr_line' id='line_1_28' title="bbox 323 2029 526 2067; baseline -0.005 -1"><span class='ocrx_word' id='word_1_258' title='bbox 323 2029 526 2067; x_wconf 89' lang='lat' dir='ltr'>sinuantur.</span> 
     </span>
    </p>

    <p class='ocr_par' dir='ltr' id='par_1_12' title="bbox 319 2086 2139 2250">
     <span class='ocr_line' id='line_1_29' title="bbox 469 2086 2139 2137; baseline 0.001 -16"><span class='ocrx_word' id='word_1_259' title='bbox 469 2088 500 2121; x_wconf 88' lang='lat'>6.</span> <span class='ocrx_word' id='word_1_260' title='bbox 527 2088 711 2122; x_wconf 77' lang='lat' dir='ltr'>Arlerc&#39;ae</span> <span class='ocrx_word' id='word_1_261' title='bbox 738 2088 899 2123; x_wconf 71' lang='lat' dir='ltr'>labiales</span> <span class='ocrx_word' id='word_1_262' title='bbox 925 2091 1134 2134; x_wconf 74' lang='lat' dir='ltr'>inferiores</span> <span class='ocrx_word' id='word_1_263' title='bbox 1164 2090 1197 2134; x_wconf 87' lang='lat'>⁵)</span> <span class='ocrx_word' id='word_1_264' title='bbox 1227 2101 1317 2137; x_wconf 89' lang='lat' dir='ltr'>quae</span> <span class='ocrx_word' id='word_1_265' title='bbox 1338 2100 1490 2123; x_wconf 89' lang='lat' dir='ltr'>numero</span> <span class='ocrx_word' id='word_1_266' title='bbox 1512 2089 1669 2137; x_wconf 89' lang='lat' dir='ltr'>quinque</span> <span class='ocrx_word' id='word_1_267' title='bbox 1696 2087 1751 2123; x_wconf 83' lang='lat' dir='ltr'>vel</span> <span class='ocrx_word' id='word_1_268' title='bbox 1781 2100 1866 2131; x_wconf 83' lang='lat' dir='ltr'>sex,</span> <span class='ocrx_word' id='word_1_269' title='bbox 1901 2100 1920 2123; x_wconf 90' lang='lat' dir='ltr'>e</span> <span class='ocrx_word' id='word_1_270' title='bbox 1947 2086 2139 2122; x_wconf 88' lang='lat' dir='ltr'>foramini—</span> 
     </span>
     <span class='ocr_line' id='line_1_30' title="bbox 319 2141 2139 2194; baseline 0 -16"><span class='ocrx_word' id='word_1_271' title='bbox 319 2141 389 2178; x_wconf 88' lang='lat' dir='ltr'>bus</span> <span class='ocrx_word' id='word_1_272' title='bbox 415 2141 452 2178; x_wconf 91' lang='lat' dir='ltr'>in</span> <span class='ocrx_word' id='word_1_273' title='bbox 473 2142 669 2192; x_wconf 87' lang='lat' dir='ltr'>superficie</span> <span class='ocrx_word' id='word_1_274' title='bbox 696 2150 847 2179; x_wconf 83' lang='lat' dir='ltr'>externa</span> <span class='ocrx_word' id='word_1_275' title='bbox 874 2144 970 2181; x_wconf 85' lang='lat' dir='ltr'>ossis</span> <span class='ocrx_word' id='word_1_276' title='bbox 1000 2144 1156 2181; x_wconf 86' lang='lat' dir='ltr'>dentalis</span> <span class='ocrx_word' id='word_1_277' title='bbox 1175 2143 1276 2187; x_wconf 87' lang='lat' dir='ltr'>sitis,</span> <span class='ocrx_word' id='word_1_278' title='bbox 1304 2143 1471 2187; x_wconf 82' lang='lat' dir='ltr'>evadunt,</span> <span class='ocrx_word' id='word_1_279' title='bbox 1499 2150 1606 2194; x_wconf 85' lang='lat' dir='ltr'>atque</span> <span class='ocrx_word' id='word_1_280' title='bbox 1633 2143 1670 2179; x_wconf 91' lang='lat' dir='ltr'>in</span> <span class='ocrx_word' id='word_1_281' title='bbox 1697 2143 1792 2180; x_wconf 92' lang='lat' dir='ltr'>labio</span> <span class='ocrx_word' id='word_1_282' title='bbox 1820 2142 1988 2179; x_wconf 87' lang='lat' dir='ltr'>inferiori</span> <span class='ocrx_word' id='word_1_283' title='bbox 2014 2142 2139 2192; x_wconf 82' lang='lat' dir='ltr'>gingi-</span> 
     </span>
     <span class='ocr_line' id='line_1_31' title="bbox 322 2198 741 2250; baseline 0.005 -16"><span class='ocrx_word' id='word_1_284' title='bbox 322 2212 439 2250; x_wconf 79' lang='lat' dir='ltr'>vaque</span> <span class='ocrx_word' id='word_1_285' title='bbox 465 2198 741 2249; x_wconf 87' lang='lat' dir='ltr'>disperguntur.</span> 
     </span>
    </p>
   </div>
   <div class='ocr_carea' id='block_1_3' title="bbox 318 2266 2140 2416">
    <p class='ocr_par' dir='ltr' id='par_1_13' title="bbox 318 2266 2140 2416">
     <span class='ocr_line' id='line_1_32' title="bbox 468 2266 2140 2318; baseline -0.001 -15"><span class='ocrx_word' id='word_1_286' title='bbox 468 2268 499 2301; x_wconf 83' lang='lat'>7.</span> <span class='ocrx_word' id='word_1_287' title='bbox 528 2268 711 2303; x_wconf 79' lang='lat' dir='ltr'>Arteriae</span> <span class='ocrx_word' id='word_1_288' title='bbox 733 2270 985 2315; x_wconf 57' lang='lat' dir='ltr'>plearfflqqeae</span> <span class='ocrx_word' id='word_1_289' title='bbox 1012 2272 1229 2306; x_wconf 59' lang='lat' dir='ltr'>(tillet-iores</span> <span class='ocrx_word' id='word_1_290' title='bbox 1257 2272 1288 2315; x_wconf 78' lang='lat'>⁶)</span> <span class='ocrx_word' id='word_1_291' title='bbox 1325 2281 1417 2318; x_wconf 91' lang='lat' dir='ltr'>quae</span> <span class='ocrx_word' id='word_1_292' title='bbox 1444 2281 1510 2318; x_wconf 89' lang='lat' dir='ltr'>per</span> <span class='ocrx_word' id='word_1_293' title='bbox 1537 2266 1607 2303; x_wconf 92' lang='lat' dir='ltr'>duo</span> <span class='ocrx_word' id='word_1_294' title='bbox 1644 2266 1820 2318; x_wconf 88' lang='lat' dir='ltr'>quaedam</span> <span class='ocrx_word' id='word_1_295' title='bbox 1847 2266 2057 2317; x_wconf 82' lang='lat' dir='ltr'>superficiei</span> <span class='ocrx_word' id='word_1_296' title='bbox 2084 2266 2140 2303; x_wconf 92' lang='lat' dir='ltr'>in-</span> 
     </span>
     <span class='ocr_line' id='line_1_33' title="bbox 318 2322 2139 2375; baseline 0.001 -18"><span class='ocrx_word' id='word_1_297' title='bbox 318 2330 445 2358; x_wconf 85' lang='lat' dir='ltr'>ternae</span> <span class='ocrx_word' id='word_1_298' title='bbox 472 2322 568 2359; x_wconf 89' lang='lat' dir='ltr'>ossis</span> <span class='ocrx_word' id='word_1_299' title='bbox 597 2323 799 2360; x_wconf 85' lang='lat' dir='ltr'>maxillaris</span> <span class='ocrx_word' id='word_1_300' title='bbox 819 2324 1006 2361; x_wconf 75' lang='lat' dir='ltr'>inferioris</span> <span class='ocrx_word' id='word_1_301' title='bbox 1034 2325 1213 2362; x_wconf 88' lang='lat' dir='ltr'>foramina</span> <span class='ocrx_word' id='word_1_302' title='bbox 1231 2332 1416 2369; x_wconf 80' lang='lat' dir='ltr'>exeuntes,</span> <span class='ocrx_word' id='word_1_303' title='bbox 1443 2324 1479 2360; x_wconf 90' lang='lat' dir='ltr'>in</span> <span class='ocrx_word' id='word_1_304' title='bbox 1510 2324 1702 2375; x_wconf 88' lang='lat' dir='ltr'>superiore</span> <span class='ocrx_word' id='word_1_305' title='bbox 1722 2323 1927 2374; x_wconf 85' lang='lat' dir='ltr'>pharyngis</span> <span class='ocrx_word' id='word_1_306' title='bbox 1954 2331 2059 2374; x_wconf 86' lang='lat' dir='ltr'>parte</span> <span class='ocrx_word' id='word_1_307' title='bbox 2085 2323 2139 2360; x_wconf 93' lang='lat' dir='ltr'>di-</span> 
     </span>
     <span class='ocr_line' id='line_1_34' title="bbox 321 2378 520 2416; baseline 0.005 -1"><span class='ocrx_word' id='word_1_308' title='bbox 321 2378 520 2416; x_wconf 89' lang='lat' dir='ltr'>radiantur.</span> 
     </span>
    </p>
   </div>
   <div class='ocr_carea' id='block_1_4' title="bbox 424 2522 2139 2765">
    <p class='ocr_par' dir='ltr' id='par_1_14' title="bbox 424 2522 2139 2765">
     <span class='ocr_line' id='line_1_35' title="bbox 424 2522 2138 2559; baseline 0.001 -11"><span class='ocrx_word' id='word_1_309' title='bbox 424 2531 458 2549; x_wconf 89' lang='lat' dir='ltr'>os</span> <span class='ocrx_word' id='word_1_310' title='bbox 481 2531 591 2549; x_wconf 88' lang='lat' dir='ltr'>versus</span> <span class='ocrx_word' id='word_1_311' title='bbox 611 2522 736 2555; x_wconf 82' lang='lat' dir='ltr'>directa,</span> <span class='ocrx_word' id='word_1_312' title='bbox 762 2527 809 2550; x_wconf 89' lang='lat' dir='ltr'>sat</span> <span class='ocrx_word' id='word_1_313' title='bbox 831 2524 1028 2552; x_wconf 86' lang='lat' dir='ltr'>multifarium</span> <span class='ocrx_word' id='word_1_314' title='bbox 1048 2529 1077 2552; x_wconf 91' lang='lat' dir='ltr'>et</span> <span class='ocrx_word' id='word_1_315' title='bbox 1094 2525 1264 2551; x_wconf 82' lang='lat' dir='ltr'>flexuosum</span> <span class='ocrx_word' id='word_1_316' title='bbox 1284 2523 1356 2551; x_wconf 84' lang='lat' dir='ltr'>facit</span> <span class='ocrx_word' id='word_1_317' title='bbox 1375 2524 1449 2556; x_wconf 83' lang='lat' dir='ltr'>iter,</span> <span class='ocrx_word' id='word_1_318' title='bbox 1472 2522 1501 2552; x_wconf 65' lang='lat'>[1.</span> <span class='ocrx_word' id='word_1_319' title='bbox 1520 2523 1589 2559; x_wconf 86' lang='lat' dir='ltr'>quia</span> <span class='ocrx_word' id='word_1_320' title='bbox 1610 2522 1674 2557; x_wconf 75' lang='lat' dir='ltr'>ejus</span> <span class='ocrx_word' id='word_1_321' title='bbox 1700 2523 1775 2550; x_wconf 90' lang='lat' dir='ltr'>rami</span> <span class='ocrx_word' id='word_1_322' title='bbox 1793 2523 1879 2558; x_wconf 90' lang='lat' dir='ltr'>plura</span> <span class='ocrx_word' id='word_1_323' title='bbox 1899 2523 2011 2550; x_wconf 86' lang='lat' dir='ltr'>intrant</span> <span class='ocrx_word' id='word_1_324' title='bbox 2031 2524 2138 2559; x_wconf 88' lang='lat' dir='ltr'>capitis</span> 
     </span>
     <span class='ocr_line' id='line_1_36' title="bbox 425 2572 2139 2612; baseline 0.001 -12"><span class='ocrx_word' id='word_1_325' title='bbox 425 2581 497 2600; x_wconf 83' lang='lat' dir='ltr'>cava</span> <span class='ocrx_word' id='word_1_326' title='bbox 514 2574 556 2609; x_wconf 88' lang='lat' dir='ltr'>(v.</span> <span class='ocrx_word' id='word_1_327' title='bbox 581 2582 606 2601; x_wconf 86' lang='lat' dir='ltr'>c.</span> <span class='ocrx_word' id='word_1_328' title='bbox 631 2583 766 2611; x_wconf 83' lang='lat' dir='ltr'>organon</span> <span class='ocrx_word' id='word_1_329' title='bbox 790 2574 924 2609; x_wconf 85' lang='lat' dir='ltr'>auditus,</span> <span class='ocrx_word' id='word_1_330' title='bbox 949 2585 995 2607; x_wconf 83' lang='lat' dir='ltr'>os,</span> <span class='ocrx_word' id='word_1_331' title='bbox 1019 2575 1212 2611; x_wconf 85' lang='lat' dir='ltr'>canalemque</span> <span class='ocrx_word' id='word_1_332' title='bbox 1236 2575 1419 2602; x_wconf 85' lang='lat' dir='ltr'>alveolarem</span> <span class='ocrx_word' id='word_1_333' title='bbox 1437 2572 1640 2612; x_wconf 82' lang='lat' dir='ltr'>inferiorem),</span> <span class='ocrx_word' id='word_1_334' title='bbox 1663 2574 1692 2602; x_wconf 87' lang='lat'>5.</span> <span class='ocrx_word' id='word_1_335' title='bbox 1705 2574 1772 2610; x_wconf 90' lang='lat' dir='ltr'>quia</span> <span class='ocrx_word' id='word_1_336' title='bbox 1794 2574 1859 2600; x_wconf 87' lang='lat' dir='ltr'>sola</span> <span class='ocrx_word' id='word_1_337' title='bbox 1876 2573 2001 2610; x_wconf 79' lang='lat' dir='ltr'>denique</span> <span class='ocrx_word' id='word_1_338' title='bbox 2017 2576 2139 2601; x_wconf 77' lang='lat' dir='ltr'>arteria</span> 
     </span>
     <span class='ocr_line' id='line_1_37' title="bbox 425 2625 2139 2663; baseline 0.001 -13"><span class='ocrx_word' id='word_1_339' title='bbox 425 2625 619 2659; x_wconf 67' lang='lat' dir='ltr'>sublinqualz&#39;</span> <span class='ocrx_word' id='word_1_340' title='bbox 638 2630 887 2661; x_wconf 85' lang='lat' dir='ltr'>excepta,omnes</span> <span class='ocrx_word' id='word_1_341' title='bbox 905 2628 1039 2663; x_wconf 82' lang='lat' dir='ltr'>reliquae</span> <span class='ocrx_word' id='word_1_342' title='bbox 1058 2627 1165 2663; x_wconf 89' lang='lat' dir='ltr'>quibus</span> <span class='ocrx_word' id='word_1_343' title='bbox 1187 2627 1338 2663; x_wconf 82' lang='lat' dir='ltr'>originem</span> <span class='ocrx_word' id='word_1_344' title='bbox 1359 2626 1498 2661; x_wconf 85' lang='lat' dir='ltr'>praebet,</span> <span class='ocrx_word' id='word_1_345' title='bbox 1528 2627 1555 2653; x_wconf 92' lang='lat' dir='ltr'>in</span> <span class='ocrx_word' id='word_1_346' title='bbox 1580 2625 1698 2653; x_wconf 85' lang='lat' dir='ltr'>homine</span> <span class='ocrx_word' id='word_1_347' title='bbox 1732 2634 1849 2661; x_wconf 80' lang='lat' dir='ltr'>quoque</span> <span class='ocrx_word' id='word_1_348' title='bbox 1873 2625 1908 2652; x_wconf 87' lang='lat' dir='ltr'>ab</span> <span class='ocrx_word' id='word_1_349' title='bbox 1932 2627 2053 2652; x_wconf 75' lang='lat' dir='ltr'>arteria</span> <span class='ocrx_word' id='word_1_350' title='bbox 2075 2633 2139 2652; x_wconf 82' lang='lat' dir='ltr'>ma-</span> 
     </span>
     <span class='ocr_line' id='line_1_38' title="bbox 425 2674 2137 2714; baseline 0 -13"><span class='ocrx_word' id='word_1_351' title='bbox 425 2676 535 2702; x_wconf 64' lang='lat' dir='ltr'>millari</span> <span class='ocrx_word' id='word_1_352' title='bbox 552 2677 679 2704; x_wconf 74' lang='lat' dir='ltr'>interna</span> <span class='ocrx_word' id='word_1_353' title='bbox 697 2677 852 2711; x_wconf 87' lang='lat' dir='ltr'>oriuntur,</span> <span class='ocrx_word' id='word_1_354' title='bbox 877 2687 964 2714; x_wconf 85' lang='lat' dir='ltr'>quam</span> <span class='ocrx_word' id='word_1_355' title='bbox 986 2676 1023 2706; x_wconf 83' lang='lat' dir='ltr'>ol)</span> <span class='ocrx_word' id='word_1_356' title='bbox 1040 2687 1103 2705; x_wconf 88' lang='lat' dir='ltr'>rem</span> <span class='ocrx_word' id='word_1_357' title='bbox 1125 2678 1213 2706; x_wconf 86' lang='lat' dir='ltr'>sicuti</span> <span class='ocrx_word' id='word_1_358' title='bbox 1233 2677 1283 2705; x_wconf 88' lang='lat' dir='ltr'>illa</span> <span class='ocrx_word' id='word_1_359' title='bbox 1303 2676 1441 2704; x_wconf 85' lang='lat' dir='ltr'>dimidiae</span> <span class='ocrx_word' id='word_1_360' title='bbox 1466 2677 1602 2704; x_wconf 85' lang='lat' dir='ltr'>inferiori</span> <span class='ocrx_word' id='word_1_361' title='bbox 1623 2685 1739 2713; x_wconf 86' lang='lat' dir='ltr'>quoque</span> <span class='ocrx_word' id='word_1_362' title='bbox 1752 2698 1759 2709; x_wconf 94' lang='lat'>,</span> <span class='ocrx_word' id='word_1_363' title='bbox 1779 2675 1896 2703; x_wconf 84' lang='lat' dir='ltr'>laterali</span> <span class='ocrx_word' id='word_1_364' title='bbox 1921 2679 1951 2702; x_wconf 85' lang='lat' dir='ltr'>et</span> <span class='ocrx_word' id='word_1_365' title='bbox 1972 2674 2137 2710; x_wconf 83' lang='lat' dir='ltr'>profundae</span> 
     </span>
     <span class='ocr_line' id='line_1_39' title="bbox 425 2726 913 2765; baseline 0.008 -13"><span class='ocrx_word' id='word_1_366' title='bbox 425 2726 532 2761; x_wconf 86' lang='lat' dir='ltr'>capitis</span> <span class='ocrx_word' id='word_1_367' title='bbox 551 2728 627 2762; x_wconf 85' lang='lat' dir='ltr'>parti</span> <span class='ocrx_word' id='word_1_368' title='bbox 644 2736 718 2755; x_wconf 85' lang='lat' dir='ltr'>vasa</span> <span class='ocrx_word' id='word_1_369' title='bbox 732 2728 913 2765; x_wconf 85' lang='lat' dir='ltr'>impertitur.</span> 
     </span>
    </p>
   </div>
   <div class='ocr_carea' id='block_1_5' title="bbox 370 2855 2137 2948">
    <p class='ocr_par' dir='ltr' id='par_1_15' title="bbox 370 2855 2137 2948">
     <span class='ocr_line' id='line_1_40' title="bbox 370 2855 2137 2899; baseline 0.001 -14"><span class='ocrx_word' id='word_1_370' title='bbox 370 2855 396 2895; x_wconf 84' lang='grc'>1)</span> <span class='ocrx_word' id='word_1_371' title='bbox 422 2859 487 2895; x_wconf 78' lang='lat' dir='ltr'>Fig.</span> <span class='ocrx_word' id='word_1_372' title='bbox 511 2859 565 2888; x_wconf 80' lang='lat' dir='ltr'>vl.</span> <span class='ocrx_word' id='word_1_373' title='bbox 587 2860 638 2890; x_wconf 84' lang='grc'>21.</span> <span class='ocrx_word' id='word_1_374' title='bbox 662 2876 700 2880; x_wconf 84' lang='grc'>-</span> <span class='ocrx_word' id='word_1_375' title='bbox 724 2863 755 2896; x_wconf 82' lang='lat'>²)</span> <span class='ocrx_word' id='word_1_376' title='bbox 780 2862 845 2899; x_wconf 79' lang='lat' dir='ltr'>Fig.</span> <span class='ocrx_word' id='word_1_377' title='bbox 870 2863 923 2890; x_wconf 83' lang='lat' dir='ltr'>vl.</span> <span class='ocrx_word' id='word_1_378' title='bbox 947 2863 995 2892; x_wconf 87' lang='grc' dir='ltr'>2ο.</span> <span class='ocrx_word' id='word_1_379' title='bbox 1022 2877 1059 2882; x_wconf 88' lang='grc'>-</span> <span class='ocrx_word' id='word_1_380' title='bbox 1084 2864 1110 2895; x_wconf 84' lang='lat'>³)</span> <span class='ocrx_word' id='word_1_381' title='bbox 1136 2862 1201 2899; x_wconf 75' lang='lat' dir='ltr'>rig.</span> <span class='ocrx_word' id='word_1_382' title='bbox 1225 2862 1278 2889; x_wconf 80' lang='lat' dir='ltr'>vi.</span> <span class='ocrx_word' id='word_1_383' title='bbox 1292 2861 1342 2891; x_wconf 87' lang='grc'>22.</span> <span class='ocrx_word' id='word_1_384' title='bbox 1365 2861 1415 2891; x_wconf 88' lang='grc'>22.</span> <span class='ocrx_word' id='word_1_385' title='bbox 1434 2876 1473 2881; x_wconf 91' lang='lat'><em>-</em></span> <span class='ocrx_word' id='word_1_386' title='bbox 1490 2858 1517 2898; x_wconf 77' lang='grc'>4)</span> <span class='ocrx_word' id='word_1_387' title='bbox 1542 2861 1608 2897; x_wconf 76' lang='lat' dir='ltr'>rig.</span> <span class='ocrx_word' id='word_1_388' title='bbox 1630 2860 1680 2887; x_wconf 84' lang='lat' dir='ltr'>vl.</span> <span class='ocrx_word' id='word_1_389' title='bbox 1699 2859 1803 2889; x_wconf 78' lang='grc'>23,-</span> <span class='ocrx_word' id='word_1_390' title='bbox 1821 2857 1845 2897; x_wconf 79' lang='lat'>⁵)</span> <span class='ocrx_word' id='word_1_391' title='bbox 1863 2859 1998 2895; x_wconf 80' lang='lat' dir='ltr'>Fig.V1.</span> <span class='ocrx_word' id='word_1_392' title='bbox 2022 2857 2071 2888; x_wconf 67' lang='lat'>24,</span> <span class='ocrx_word' id='word_1_393' title='bbox 2096 2857 2137 2888; x_wconf 61' lang='grc'>24</span> 
     </span>
     <span class='ocr_line' id='line_1_41' title="bbox 428 2911 753 2948; baseline -0.006 -6"><span class='ocrx_word' id='word_1_394' title='bbox 428 2925 465 2929; x_wconf 89' lang='lat'>—</span> <span class='ocrx_word' id='word_1_395' title='bbox 489 2912 518 2942; x_wconf 59' lang='grc' dir='ltr'>θ)</span> <span class='ocrx_word' id='word_1_396' title='bbox 542 2911 678 2948; x_wconf 78' lang='lat' dir='ltr'>Fig.1v.</span> <span class='ocrx_word' id='word_1_397' title='bbox 701 2913 753 2943; x_wconf 78' lang='grc'>28.</span> 
     </span>
    </p>
   </div>
  </div>
 </body>
</html>
