2559 3609
1084 493 1391 526 —17--

331 574 510 612 nationem
545 588 624 610 eum
658 571 777 622 spatio
814 570 1147 607 intel-ventriculari
1182 570 1231 607 ita
1256 570 1462 622 praepedit,
1491 578 1740 608 werumtamen
1770 569 1856 606 dicti
1882 569 2073 606 ventriculi
2106 570 2142 607 in

330 647 457 670 cavum
495 629 626 668 inverti
662 643 734 666 non
769 636 911 679 potest,
940 636 1066 679 utpote
1101 642 1210 679 quum
1246 629 1326 677 ejus
1353 627 1476 665 noduli
1514 627 1660 664 Arantii
1689 627 1724 663 in
1752 627 1885 664 exitum
1911 627 2011 664 itlius
2037 628 2142 664 cunei

329 688 493 725 adinstar
519 687 729 737 infigantur.
760 685 850 722 lude
871 685 1064 735 sanguinis
1086 684 1181 721 unda
1203 684 1238 721 in
1269 686 1428 736 spatium
1451 684 1794 721 interventriculare
1821 684 1980 727 advecta,
2009 684 2142 722 ostium

329 745 487 782 arteriae
514 757 717 794 anonymae
744 742 890 793 ingredi
918 742 1062 794 nequit,
1091 742 1258 779 columna
1284 743 1424 780 aortica
1451 742 1545 779 enim
1574 756 1594 779 a
1621 755 1690 792 qua
1716 741 1889 777 deorsum
1917 741 2141 787 deflectitur,

327 801 497 853 illiusque
526 801 611 838 ostii
639 800 797 851 spatium
831 799 1029 842 limitatur,
1057 800 1174 837 eidem
1201 798 1357 836 obsistit.
1391 800 1614 836 Antrorsum
1642 797 1759 847 igitur
1786 812 1805 833 a
1831 798 1976 834 valvula
2002 806 2143 835 tantum

331 858 417 896 atrii
446 858 587 901 dextri,
611 857 647 894 in
674 857 769 894 exitu
799 857 991 894 ventriculi
1019 857 1161 894 sinistri
1195 856 1343 894 fortiter
1368 856 1501 905 infixa,
1531 856 1701 893 deorsum
1728 869 1817 892 vero
1845 870 1866 893 a
1892 856 2035 906 systole
2061 856 2145 892 atrii

329 916 467 960 dextri,
502 930 568 953 nec
602 928 673 952 non
712 915 901 952 columnae
936 915 1094 951 aorticae
1121 915 1310 966 repagulo,
1337 914 1546 965 impellitur.
1575 913 1742 964 Sanguis
1770 913 1833 949 tali
1861 913 1968 950 modo
1995 913 2032 949 in
2060 927 2143 949 ven-

327 973 500 1010 triculum
528 972 694 1009 dextrum
720 980 754 1009 et
781 987 886 1009 suum
914 972 1057 1023 quidem
1085 979 1213 1009 contra
1239 971 1413 1023 parietem
1441 971 1663 1008 anteriorem
1692 970 1908 1014 effunditur,
1936 985 2006 1021 quo
2034 970 2143 1016 facto,

328 1030 492 1081 ejusdem
518 1029 711 1066 ventriculi
739 1030 883 1078 systole
910 1030 1096 1071 absoluta,
1130 1030 1166 1066 in
1194 1028 1315 1065 cordis
1342 1028 1460 1065 hasim
1489 1028 1697 1080 impellitur.

429 1087 569 1124 Eodem
598 1094 763 1137 tempore
798 1087 943 1123 valvula
979 1086 1356 1123 atrio-ventricularis
1393 1085 1521 1123 dextra
1557 1085 1639 1122 atrii
1668 1088 1723 1122 sui
1752 1085 1886 1122 ostium
1922 1099 1993 1122 non
2019 1094 2145 1137 potest

329 1160 399 1181 non
439 1143 651 1187 occludere,
682 1146 709 1179 l.
749 1143 832 1195 quia
867 1151 1007 1180 remoto
1042 1143 1158 1180 undae
1195 1143 1386 1193 sanguinis
1421 1144 1547 1180 venosi
1577 1142 1780 1186 obstaculo,
1808 1149 1937 1194 suapte
1964 1143 1999 1179 x‘i
2028 1143 2145 1181 libera

330 1201 483 1245 recellit,
511 1206 542 1240 2.
570 1201 652 1252 quia
679 1201 761 1238 atrii
790 1201 845 1237 cui
872 1201 1095 1252 praeficitur,
1123 1201 1278 1238 diastole
1304 1200 1457 1238 subinde
1485 1200 1661 1252 sequitur,
1683 1203 1716 1237 3.
1735 1200 1830 1251 quia,
1858 1200 1942 1237 dum
1961 1201 2143 1251 synchro-

328 1259 409 1296 nica
435 1259 628 1295 ventriculi
655 1258 794 1296 sinistri
823 1259 978 1309 systole,
1006 1258 1199 1309 sanguinis
1227 1258 1398 1294 arteriosi
1425 1265 1630 1295 torrentem
1656 1258 1690 1294 in
1719 1258 1876 1308 spatium
1904 1257 2143 1294 interventri-

329 1317 451 1353 culare
477 1317 642 1368 impellit,
670 1317 750 1367 ipsa
777 1330 867 1366 erga
895 1316 978 1353 atrii
1005 1316 1061 1352 sui
1091 1315 1223 1352 ostium
1251 1315 1294 1351 ab
1323 1315 1449 1352 eodem
1476 1315 1742 1352 retrovertitur
1764 1314 1924 1367 illudque
1951 1316 2097 1366 oppilat.

428 1373 600 1410 Arteriae
627 1387 830 1424 anonymae
859 1373 992 1410 ostium
1030 1373 1151 1410 cordis
1178 1386 1303 1408 cavum
1331 1373 1516 1423 posterius
1543 1373 1726 1413 intuetur,
1756 1380 1867 1423 atque
1905 1387 1924 1409 a
1950 1373 2142 1423 sauguinis

329 1431 500 1468 arteriosi
527 1439 704 1471 torrente.
733 1431 793 1482 qui
822 1445 952 1481 magna
980 1445 1061 1467 eum
1088 1431 1121 1467 vi
1146 1444 1164 1466 e
1184 1429 1386 1466 ventriculo
1406 1429 1557 1467 sinistro
1580 1430 1616 1466 iu
1643 1429 1730 1466 illud
1760 1443 1907 1466 sursum
1936 1431 2143 1481 projicitur,

327 1488 472 1539 penitus
500 1496 720 1539 occupatur;
748 1496 787 1525 ut
814 1488 882 1525 hoc
907 1497 1069 1532 taceam,
1097 1487 1249 1524 eundem
1275 1494 1491 1529 torrentem,
1520 1487 1710 1524 columnae
1737 1486 1773 1523 in
1802 1500 1951 1531 morem,
1974 1490 2052 1537 jam
2079 1501 2145 1538 per

328 1560 367 1582 sc
394 1553 586 1596 praeterea
612 1545 795 1595 sanguini,
823 1546 882 1597 qui
910 1560 928 1582 e
956 1545 1156 1583 ventriculo
1178 1545 1308 1581 dextro
1335 1545 1372 1581 in
1400 1545 1557 1596 spatium
1577 1544 1923 1581 interventriculare
1950 1558 2145 1595 regressu·

328 1616 391 1639 rus
419 1611 528 1648 esset,
557 1603 747 1640 obstaculo
776 1603 865 1640 fore.

425 1660 540 1697 Hisce
568 1674 659 1710 ergo
686 1660 831 1696 innixus
849 1660 1088 1710 argumentis,
1117 1674 1226 1711 quum
1243 1667 1367 1696 aortae
1396 1659 1567 1697 sinistrae
1587 1668 1622 1696 et
1649 1659 1807 1696 arteriae
1820 1659 2038 1710 pulmonalis
2066 1668 2145 1696 tau-

329 1725 405 1754 tum
437 1717 532 1754 ostia
563 1717 694 1754 dextro
722 1716 845 1754 cordis
879 1731 966 1754 cavo
1006 1718 1125 1754 lumen
1153 1717 1308 1754 liberum
1336 1717 1546 1760 obvertant.,
1574 1717 1662 1753 haec
1689 1730 1832 1768 quoque
1862 1717 1940 1754 sola
1968 1717 2012 1753 ab
2045 1717 2142 1754 unda

329 1775 520 1824 sanguinis
556 1778 700 1816 venosi,
736 1790 754 1811 e
789 1776 993 1812 ventriculo
1027 1776 1154 1813 dextro
1189 1775 1384 1825 propulsa,
1413 1775 1571 1811 maxima
1597 1774 1725 1810 saltem
1755 1789 1798 1811 ex
1818 1782 1932 1825 parte,
1960 1775 2142 1825 permeari

330 1839 510 1882 oportere,
538 1832 724 1869 concludo.

817 1972 864 2002 B.
890 1969 1137 2003 Cireukum
1161 1968 1404 2009 sanguinis
1426 1967 1651 2000 arten-iosi.

430 2060 652 2097 Arteriosus
687 2075 798 2097 venae
833 2061 1052 2111 pulmonalis
1088 2060 1243 2110 sanguis
1279 2059 1444 2110 ejusdem
1480 2058 1636 2095 nominis
1669 2072 1734 2109 per
1771 2057 1917 2103 ostium,
1945 2058 2146 2097 introrsum

331 2125 363 2154 et
391 2116 564 2153 deorsum
591 2117 737 2168 oblique
764 2117 936 2161 directus,
964 2121 1096 2154 atrium
1122 2118 1314 2154 sinistrum
1341 2117 1391 2153 ita
1422 2115 1649 2166 ingreditur,
1677 2123 1715 2152 ut
1742 2115 1857 2166 ipsius
1884 2115 2063 2166 parietem
2090 2117 2142 2153 in-

329 2183 473 2213 ternum
499 2181 602 2211 recto
629 2174 798 2225 protinus
826 2189 929 2211 amne
956 2175 1140 2226 percellat.

431 2232 557 2279 Quum
576 2239 697 2269 autem
724 2232 825 2269 hicce
842 2233 964 2284 paries
983 2247 1065 2269 sese
1094 2231 1332 2270 contrahendi
1352 2231 1469 2282 impos
1487 2230 1547 2273 sit,
1576 2228 1768 2279 sanguinis
1781 2229 1862 2266 ideo
1890 2230 2063 2282 impulsui
2090 2245 2144 2268 ce—

330 2291 396 2334 dit,
422 2289 594 2340 illicoque
624 2298 835 2341 protrusus,
863 2291 946 2327 dum
974 2298 1046 2327 tam
1074 2290 1303 2341 superiorem
1331 2302 1437 2340 quam
1464 2288 1676 2324 inferiorem
1703 2287 1760 2323 sui
1787 2294 1928 2338 partem
1955 2289 2000 2326 ad
2029 2303 2068 2325 se
2091 2297 2146 2326 at-

332 2347 460 2392 trahit,
496 2351 621 2384 simcm
655 2347 845 2384 constituit
879 2351 1176 2396 lemporm·imn,
1212 2360 1281 2398 quo
1317 2345 1481 2396 ejusdem
1508 2345 1639 2381 undam
1667 2344 1817 2395 1·ecipit;
1845 2345 1940 2396 quod
1967 2360 2075 2397 quum
2103 2346 2146 2383 de

330 2404 521 2456 superiore
548 2405 604 2449 fit,
624 2404 685 2441 illa
712 2404 881 2441 nimirum
908 2404 1061 2456 parietis
1086 2413 1191 2455 parte
1219 2405 1392 2441 deorsum
1417 2410 1545 2445 tracta,
1570 2402 1751 2439 orificium
1778 2402 1987 2453 pulmonale
2015 2417 2146 2440 coarc-

331 2470 450 2504 tatur,
486 2462 666 2513 simulque
694 2461 847 2506 ibidem,
886 2462 964 2505 ubi,
1001 2462 1096 2498 ostio
1125 2470 1272 2513 aperto,
1308 2461 1433 2497 sulcus
1460 2460 1747 2496 semicircularis
1775 2460 1903 2496 existit
1930 2459 2027 2507 (vide
2059 2461 2143 2497 atrii

331 2519 473 2556 sinistri
508 2524 717 2568 anatomen)
751 2522 857 2567 plica
893 2519 1081 2570 quaepiam
1117 2521 1356 2566 temporaria
1393 2517 1596 2562 exseritur,
1635 2531 1726 2568 quae
1767 2517 1901 2554 ostium
1940 2517 2031 2554 illud
2056 2532 2146 2568 per-

332 2577 422 2614 fecte
447 2576 523 2614 fere
551 2576 727 2621 occludit,
756 2591 863 2627 quum
892 2590 978 2613 vero
1007 2576 1049 2613 de
1077 2576 1250 2612 inferiore
1281 2575 1480 2625 contingit,
1508 2575 1578 2611 ista
1600 2574 1753 2626 parietis
1781 2582 1884 2625 parte
1911 2588 2058 2611 sursum
2085 2575 2146 2612 ad-

332 2634 452 2677 licita,
482 2634 625 2670 valvula
659 2633 1031 2670 atrio-ventricularis
1063 2633 1232 2682 (sinistra
1259 2632 1442 2680 anterior)
1471 2646 1618 2668 sursum
1656 2632 1796 2683 pariter
1823 2630 2009 2676 evehitur,
2046 2635 2145 2683 ejus-

334 2691 486 2743 demque
522 2691 558 2727 in
594 2705 721 2727 cavum
749 2691 939 2728 ventriculi
973 2691 1210 2742 replicatione
1238 2703 1448 2741 praeversa,
1485 2689 1619 2726 ostium
1646 2689 2009 2727 atrio-ventriculare
2036 2690 2146 2727 simul

334 2748 628 2800 aperirinequit.
657 2748 772 2785 Sinus
800 2749 1045 2799 temporarius
1084 2748 1218 2799 igitur,
1244 2748 1308 2784 tali
1342 2747 1483 2785 ratione
1519 2748 1719 2793 conflatus,
1756 2761 1882 2783 cavum
1909 2761 2015 2783 suum
2050 2748 2146 2783 atrio

334 2807 487 2843 sinistro
515 2806 685 2845 obvertit.
726 2807 836 2845 Ostia
863 2807 967 2844 ambo
995 2820 1081 2844 vero
1109 2806 1256 2843 occlusa
1283 2813 1388 2850 sunt,
1426 2805 1565 2856 hocque
1591 2813 1691 2842 tanto
1720 2805 1857 2855 magis,
1893 2804 1991 2855 quod
2019 2819 2146 2841 eorum

336 2864 496 2900 occlusio
538 2863 807 2900 muscularibus
844 2864 995 2915 hujusce
1033 2864 1183 2915 parietis
1223 2864 1356 2900 interni
1398 2863 1542 2899 fihrillis
1584 2863 1746 2914 perfecta
1782 2863 1926 2899 demum
1970 2862 2144 2898 redditur.

337 2920 537 2971 Sphincter
563 2921 657 2958 enim
685 2921 768 2958 ostii
798 2922 1015 2973 pulinonalis
1043 2930 1076 2959 et
1105 2921 1252 2958 funiculi
1274 2921 1445 2958 laterales
1474 2920 1758 2958 contrahuntur,
1787 2928 1895 2971 atque
1922 2919 2055 2956 ostium
2081 2932 2146 2955 ve-
