2559 3609
1058 477 1393 527 μνῆ-ς

402 572 463 609 Ex
484 574 670 620 femorali
696 569 882 606 oriuntur:

450 634 481 668 1.
508 630 623 665 Rami
647 629 908 671 masc-alares,
942 626 1002 677 qui
1038 625 1307 678 posterioribus
1344 625 1494 662 femoris
1522 626 1695 663 musculis
1728 626 1766 663 in
1801 640 1940 677 genere
1974 626 2118 678 dispen-

303 686 454 729 duntur‚
489 698 713 736 quorumque
740 682 926 734 principes
954 691 1058 720 sunt:

402 745 440 789 a)
466 744 628 779 Arteria
642 742 847 788 profunda
868 744 1037 788 femoris
1053 742 1294 788 superior·¹),
1317 740 1354 776 in
1380 746 1485 791 parte
1512 740 1663 776 semoris
1690 741 1885 791 superiori.

398 800 438 847 b)
465 801 628 835 Arteria
649 800 854 846 profunda
875 800 1042 845 femoris
1068 800 1236 846 inferior
1256 799 1288 845 ²)
1312 797 1348 833 in
1376 796 1493 834 media
1520 796 1683 847 ejusdem
1710 805 1826 849 parte.

402 860 435 905 c)
466 858 612 893 Rama-5
638 858 1066 893 musealo-articularis
1092 859 1275 903 saperzor
1289 857 1342 903 3),
1372 854 1431 906 qui
1460 855 1503 892 ad
1531 862 1721 892 externum
1748 869 1848 906 genu
1875 855 1971 892 latus
1998 854 2119 906 delap-

302 927 470 958 sus.cum
497 916 1040 950 ramo-mascalo-articulari
1064 915 1251 960 inferiore
1279 911 1445 956 confluit3
1472 911 1507 947 in
1545 925 1612 948 sua
1647 919 1766 948 autem
1804 911 1949 962 origine
1986 911 2120 949 emittit

301 975 486 1008 arteriam
518 973 688 1007 sul-alem
724 974 985 1007 acces-soriam
1003 968 1058 1021 ¹¹),
1089 983 1179 1020 quae
1207 969 1251 1005 ad
1280 969 1466 1005 musculos
1494 969 1793 1019 gastrocnemios
1817 968 2014 1005 descendit.

449 1030 481 1064 2.
508 1029 669 1063 Arteria
696 1029 922 1062 articularis
950 1040 1056 1075 μένεα
1089 1030 1274 1074 superior
1305 1029 1516 1063 commanis
1543 1028 1593 1074 ⁵).
1628 1027 1748 1070 Haec,
1782 1040 1894 1077 super
1926 1035 2118 1063 externum

301 1085 450 1122 semoris
478 1083 671 1132 condylum
699 1090 790 1125 orta,
818 1082 980 1132 ejusdem
1001 1082 1098 1119 ossis
1119 1083 1332 1120 inferiorem
1351 1083 1481 1120 circuit
1497 1084 1779 1127 extremitatem,
1805 1083 1921 1121 donec
1947 1084 1993 1120 ad
2019 1084 2116 1120 latus

299 1144 480 1180 internum
501 1155 599 1191 genu
620 1140 786 1191 relapsa,
813 1139 849 1176 in
876 1154 999 1177 ramos
1019 1139 1058 1193 c)
1091 1147 1125 1177 et
1154 1140 1191 1188 d)
1219 1140 1393 1177 discedit:
1433 1155 1502 1192 quo
1539 1141 1605 1177 sub
1643 1141 1799 1178 decursu
1828 1141 1980 1178 ranmlis
2018 1155 2118 1178 mus-

301 1200 484 1237 cularibus
512 1198 709 1242 nonnullis,
739 1205 770 1234 et
801 1198 1038 1249 sequentibus
1066 1198 1213 1235 arteriis
1242 1198 1502 1235 artieuiaribus
1530 1198 1713 1248 originem
1742 1201 1913 1250 praebet:

400 1262 435 1305 a)
462 1259 645 1293 Arteriae
672 1258 880 1293 articulari
900 1270 1004 1304 yeme
1031 1259 1228 1302 superiori
1244 1258 1473 1303 ecternaess)
1502 1269 1593 1306 quae
1609 1269 1723 1307 prope
1746 1255 1896 1292 femoris
1921 1254 2117 1303 condylum

301 1323 490 1352 externum
519 1313 646 1364 serpit.

402 1372 441 1419 b)
468 1373 650 1408 Arteriae
679 1373 887 1407 articulari
906 1384 1012 1419 yelm
1037 1372 1181 1407 mediae.
1211 1384 1275 1406 seu
1297 1384 1465 1419 azyyeae
1492 1373 1690 1418 superiori
1711 1373 1761 1417 ⁷),
1795 1383 1886 1421 quae
1912 1369 1948 1406 in
1977 1369 2118 1406 foveam

301 1428 673 1476 intercondyloideam
692 1427 856 1478 delapsa,
884 1428 1130 1478 posteriorem
1158 1427 1328 1478 capsulae
1346 1427 1556 1464 articularis
1584 1427 1759 1478 parietem
1786 1434 1959 1478 permeat.

400 1486 529 1534 (Rami
557 1485 767 1521 terminales
784 1492 808 1532 ³)

398 1546 433 1591 c)
460 1545 644 1580 Arteriae
660 1545 868 1580 articulari
880 1556 983 1592 yeme
1003 1545 1202 1589 superiori
1221 1546 1395 1580 internae
1416 1540 1463 1593 ὃ),
1484 1555 1574 1593 quae
1601 1555 1712 1593 super
1738 1542 1921 1578 internum
1946 1555 2043 1591 genu
2064 1542 2117 1578 la-

301 1610 357 1637 tus
381 1600 484 1651 repit.

401 1657 437 1705 d)
465 1660 646 1695 Arteriae
661 1660 967 1694 (neas-tomoticae
986 1670 1148 1706 mafflzae
1169 1670 1272 1705 yena
1299 1659 1495 1704 superiori
1516 1656 1562 1706 ⁵³),
1573 1670 1664 1708 quae
1679 1656 1723 1693 ad
1749 1657 1932 1694 internum
1945 1670 2043 1707 genu
2063 1657 2117 1692 la-

302 1724 358 1752 tus
381 1714 715 1765 (lescenditfibiqine
728 1728 807 1751 eum
836 1718 984 1751 arteria
1012 1717 1296 1752 (mastomotica
1323 1728 1579 1763 maynayemc
1606 1718 1788 1764 inferiori
1807 1714 2030 1752 convehitur.

855 1841 896 1907 ξ.
934 1841 1017 1892 21.
1054 1840 1278 1892 Arteria
1314 1840 1565 1909 poplitea.

396 1950 555 1985 Arteria
570 1951 742 1995 poplitea
756 1951 817 1995 ¹0),
839 1947 1086 1984 a1ticulationi
1107 1961 1204 1998 genu
1226 1947 1500 1998 musculisque
1491 1962 1527 1984 ln
1555 1946 1695 1984 duabus
1725 1948 1845 1984 cruris
1865 1948 2119 2000 superioribus

300 2005 464 2058 partibus
491 2005 573 2041 sitis
600 2004 805 2048 tributalia,
832 2004 869 2041 in
896 2004 998 2041 fossa
1023 2005 1182 2055 poplitea
1200 2004 1382 2055 originem
1402 2005 1519 2051 ducit
1548 2005 1715 2056 interque
1741 2005 1934 2056 superiora
1961 2005 2029 2042 duo
2058 2020 2119 2042 os-

300 2064 394 2100 sium
424 2062 543 2099 cr·u1is
572 2062 690 2113 capita
716 2062 838 2113 paullo
865 2072 950 2113 post
972 2062 1021 2099 ita
1050 2062 1258 2099 insinuatul
1271 2092 1278 2106 ‚
1306 2070 1345 2098 ut
1372 2062 1537 2112 ejusdem
1572 2062 1690 2099 ermis
1715 2062 1758 2098 ad
1785 2071 1926 2113 partem
1953 2063 2117 2099 anterio-

299 2135 378 2158 rem
415 2128 523 2171 atque
553 2120 681 2157 subter
716 2127 906 2156 externum
941 2119 1051 2156 tibiae
1083 2119 1276 2168 condylum
1303 2133 1343 2156 se
1370 2119 1559 2157 exhibeat.
1589 2134 1658 2170 quo
1687 2119 1780 2156 facto
1808 2119 1933 2156 tibiam
1962 2119 2058 2156 inter
2085 2127 2120 2156 et

300 2178 503 2214 musculum
531 2185 764 2214 extensorem
802 2190 1031 2214 communem
1059 2177 1280 2227 digitorum,
1317 2191 1337 2214 a
1369 2190 1438 2228 quo
1478 2177 1559 2215 ideo
1588 2177 1798 2222 obducitur,
1827 2177 1908 2217 sita,
1936 2191 2051 2228 usque
2076 2176 2121 2214 ad

300 2235 530 2286 superiorem
551 2234 708 2271 musculi
735 2234 947 2284 pronatoris
975 2235 1201 2284 marginem,
1227 2234 1287 2270 ubi
1314 2234 1351 2270 in
1378 2237 1564 2271 arteriam
1583 2236 1748 2272 tibialem
1777 2238 1941 2272 anticam
1969 2242 2003 2272 et
2023 2234 2058 2271 in
2078 2238 2120 2271 ti-

301 2295 435 2330 bialem
444 2296 637 2340 posticam
663 2291 896 2341 dispescitur,
916 2291 1103 2329 descendit
1118 2297 1178 2340 ¹¹).

402 2351 435 2387 E
460 2352 633 2397 poplitea
653 2348 957 2399 proficiscuntur:

403 2408 447 2445 A.
472 2408 515 2443 In
543 2406 643 2443 fossa
669 2406 847 2458 poplitea:

448 2467 475 2500 l.
502 2466 651 2501 Ramas
678 2466 912 2501 masculari-s·
934 2466 982 2511 ¹²)
1010 2477 1077 2514 pro
1105 2463 1203 2501 illius
1230 2463 1396 2514 regionis
1424 2463 1609 2500 musculis.

355 2622 396 2653 ¹¹]
415 2619 545 2647 Arteria
565 2622 714 2655 poplitea,
738 2625 894 2657 postquam
916 2620 1030 2648 fossam
1061 2620 1194 2655 ejusdem
1221 2621 1349 2647 nominis
1366 2620 1516 2652 deseruit,
1535 2629 1628 2657 usque
1652 2620 1687 2647 ad
1712 2628 1797 2647 suam
1817 2621 1845 2647 iu
1864 2623 2017 2649 arteriam
2036 2622 2121 2649 tt'bia-

404 2672 465 2698 lem
487 2671 627 2698 anticam
644 2672 913 2705 continuationem,
934 2673 1075 2699 arteriae
1094 2672 1195 2699 tibiali
1212 2673 1338 2699 aulicae
1356 2670 1486 2698 hominis
1511 2672 1595 2708 plane
1614 2676 1659 2699 est
1680 2672 1856 2701 conformis.

359 2823 383 2862 ι)
405 2825 471 2861 Fig.
487 2822 539 2853 xl.
557 2825 587 2854 6.
613 2839 649 2843 —
675 2822 701 2862 2)
719 2824 785 2861 rig.
803 2824 860 2854 xl.
879 2824 907 2854 7.
932 2839 970 2844 -
994 2826 1022 2858 ³]
1038 2825 1105 2862 rig.
1128 2825 1181 2854 xi.
1206 2825 1235 2855 s.
1257 2825 1325 2862 γῆς.
1348 2825 1460 2855 x11.3.
1483 2841 1522 2844 —
1546 2822 1572 2861 ⁴)
1592 2825 1658 2861 Fig.
1677 2825 1726 2851 xi.
1746 2826 1775 2855 9.
1801 2841 1839 2846 —
1866 2823 1890 2863 5)
1910 2826 1976 2863 rig.
1996 2826 2049 2854 xi.
2071 2827 2119 2856 10.

407 2891 446 2896 —
470 2878 499 2909 ε)
523 2874 590 2912 Fig.
608 2876 662 2904 xi.
689 2875 737 2905 11.
761 2891 800 2896 -
825 2873 849 2913 7)
872 2876 938 2913 rig.
966 2876 1017 2904 xl.
1045 2876 1094 2906 12,
1120 2892 1157 2897 —
1181 2874 1207 2914 Β)
1236 2877 1302 2913 rig.
1334 2876 1385 2903 xi.
1414 2875 1462 2905 13.
1488 2891 1523 2896 —
1549 2873 1576 2913 Θ)
1604 2876 1672 2913 Fig.
1698 2876 1749 2905 xl.
1775 2876 1823 2907 14.
1846 2877 1912 2913 Fig.
1936 2877 2002 2905 ΧΠ.
2027 2876 2057 2906 [ι.
2081 2892 2123 2897 -

411 2925 446 2961 ιο]
470 2927 536 2963 rig.
564 2927 615 2955 xi.
640 2927 687 2957 15.
710 2928 776 2964 rig.
801 2927 868 2954 ΧΠ.
889 2926 917 2956 5.
936 2927 963 2957 5-
988 2943 1027 2948 -
1050 2925 1089 2966 ¹2)
1110 2929 1177 2965 rig.
1198 2928 1248 2955 xi.
1269 2927 1316 2958 16.

1754 2977 1776 3010 6
1804 2978 1816 2989 .
