<?xml version="1.0" encoding="UTF-8"?>
<!DOCTYPE html PUBLIC "-//W3C//DTD XHTML 1.0 Transitional//EN"
    "http://www.w3.org/TR/xhtml1/DTD/xhtml1-transitional.dtd">
<html xmlns="http://www.w3.org/1999/xhtml" xml:lang="en" lang="en">
 <head>
  <title>
</title>
<meta http-equiv="Content-Type" content="text/html;charset=utf-8" />
  <meta name='ocr-system' content='tesseract 3.04.00' />
  <meta name='ocr-capabilities' content='ocr_page ocr_carea ocr_par ocr_line ocrx_word'/>
</head>
<body>
  <div class='ocr_page' id='page_1' title='image "./desystematevasor00cort_0026.png"; bbox 0 0 2559 3609; ppageno 0'>
   <div class='ocr_carea' id='block_1_1' title="bbox 1152 456 1464 491">
    <p class='ocr_par' dir='ltr' id='par_1_1' title="bbox 1152 456 1464 491">
     <span class='ocr_line' id='line_1_1' title="bbox 1152 456 1464 491; baseline -0.003 -6"><span class='ocrx_word' id='word_1_1' title='bbox 1152 456 1464 491; x_wconf 72' lang='lat'>—22—</span> 
     </span>
    </p>
   </div>
   <div class='ocr_carea' id='block_1_2' title="bbox 397 533 2219 586">
    <p class='ocr_par' dir='ltr' id='par_1_2' title="bbox 397 533 2219 586">
     <span class='ocr_line' id='line_1_2' title="bbox 397 533 2219 586; baseline -0.001 -10"><span class='ocrx_word' id='word_1_2' title='bbox 397 542 489 583; x_wconf 85' lang='lat' dir='ltr'>rias,</span> <span class='ocrx_word' id='word_1_3' title='bbox 517 552 599 576; x_wconf 90' lang='lat' dir='ltr'>cum</span> <span class='ocrx_word' id='word_1_4' title='bbox 626 537 723 575; x_wconf 84' lang='lat' dir='ltr'>dicta</span> <span class='ocrx_word' id='word_1_5' title='bbox 759 542 876 574; x_wconf 81' lang='lat' dir='ltr'>aorla</span> <span class='ocrx_word' id='word_1_6' title='bbox 912 537 1112 573; x_wconf 77' lang='lat' dir='ltr'>thoracica</span> <span class='ocrx_word' id='word_1_7' title='bbox 1146 537 1399 574; x_wconf 76' lang='lat' dir='ltr'><em>descendente</em></span> <span class='ocrx_word' id='word_1_8' title='bbox 1426 533 1598 579; x_wconf 87' lang='lat' dir='ltr'>confluit,</span> <span class='ocrx_word' id='word_1_9' title='bbox 1627 548 1718 586; x_wconf 87' lang='lat' dir='ltr'>quae</span> <span class='ocrx_word' id='word_1_10' title='bbox 1745 534 1813 572; x_wconf 94' lang='lat' dir='ltr'>hoc</span> <span class='ocrx_word' id='word_1_11' title='bbox 1839 535 1873 572; x_wconf 88' lang='lat' dir='ltr'>in</span> <span class='ocrx_word' id='word_1_12' title='bbox 1901 535 1982 572; x_wconf 90' lang='lat' dir='ltr'>loco</span> <span class='ocrx_word' id='word_1_13' title='bbox 2010 543 2126 574; x_wconf 77' lang='lat' dir='ltr'>aorta</span> <span class='ocrx_word' id='word_1_14' title='bbox 2153 539 2219 574; x_wconf 83' lang='lat' dir='ltr'>ab·</span> 
     </span>
    </p>
   </div>
   <div class='ocr_carea' id='block_1_3' title="bbox 397 598 2218 819">
    <p class='ocr_par' dir='ltr' id='par_1_3' title="bbox 397 598 2218 819">
     <span class='ocr_line' id='line_1_3' title="bbox 397 598 864 645; baseline -0.011 -11"><span class='ocrx_word' id='word_1_15' title='bbox 397 598 603 634; x_wconf 61' lang='lat' dir='ltr'>dominans</span> <span class='ocrx_word' id='word_1_16' title='bbox 623 601 864 645; x_wconf 87' lang='lat' dir='ltr'>nuncupatur.</span> 
     </span>
     <span class='ocr_line' id='line_1_4' title="bbox 498 650 1203 702; baseline -0.004 -12"><span class='ocrx_word' id='word_1_17' title='bbox 498 653 559 690; x_wconf 87' lang='lat' dir='ltr'>Ex</span> <span class='ocrx_word' id='word_1_18' title='bbox 586 660 693 689; x_wconf 82' lang='lat' dir='ltr'>aorta</span> <span class='ocrx_word' id='word_1_19' title='bbox 719 650 872 688; x_wconf 87' lang='lat' dir='ltr'>sinistra</span> <span class='ocrx_word' id='word_1_20' title='bbox 896 650 1203 702; x_wconf 84' lang='lat' dir='ltr'>proficiscuntur:</span> 
     </span>
     <span class='ocr_line' id='line_1_5' title="bbox 598 708 2218 760; baseline -0.001 -13"><span class='ocrx_word' id='word_1_21' title='bbox 598 712 637 759; x_wconf 80' lang='lat' dir='ltr'>a)</span> <span class='ocrx_word' id='word_1_22' title='bbox 664 711 827 747; x_wconf 78' lang='lat' dir='ltr'>Arteria</span> <span class='ocrx_word' id='word_1_23' title='bbox 854 712 1099 758; x_wconf 67' lang='lat' dir='ltr'>oesoplmyea</span> <span class='ocrx_word' id='word_1_24' title='bbox 1121 722 1186 745; x_wconf 89' lang='lat' dir='ltr'>seu</span> <span class='ocrx_word' id='word_1_25' title='bbox 1213 720 1350 745; x_wconf 68' lang='lat' dir='ltr'>ramus</span> <span class='ocrx_word' id='word_1_26' title='bbox 1380 720 1593 745; x_wconf 75' lang='lat' dir='ltr'><em>recurrens</em></span> <span class='ocrx_word' id='word_1_27' title='bbox 1630 714 1770 745; x_wconf 73' lang='lat' dir='ltr'>(tortae</span> <span class='ocrx_word' id='word_1_28' title='bbox 1802 711 2004 746; x_wconf 68' lang='lat' dir='ltr'>visceralis</span> <span class='ocrx_word' id='word_1_29' title='bbox 2040 708 2098 760; x_wconf 85' lang='lat'>¹),</span> <span class='ocrx_word' id='word_1_30' title='bbox 2136 708 2218 760; x_wconf 88' lang='lat' dir='ltr'>qui,</span> 
     </span>
     <span class='ocr_line' id='line_1_6' title="bbox 397 764 2218 819; baseline -0.001 -14"><span class='ocrx_word' id='word_1_31' title='bbox 397 768 600 819; x_wconf 79' lang='lat' dir='ltr'>oesophagi</span> <span class='ocrx_word' id='word_1_32' title='bbox 628 767 736 804; x_wconf 83' lang='lat' dir='ltr'>finem</span> <span class='ocrx_word' id='word_1_33' title='bbox 762 774 908 814; x_wconf 84' lang='lat' dir='ltr'>nactus,</span> <span class='ocrx_word' id='word_1_34' title='bbox 938 780 1068 803; x_wconf 88' lang='lat' dir='ltr'>versus</span> <span class='ocrx_word' id='word_1_35' title='bbox 1097 765 1261 816; x_wconf 86' lang='lat' dir='ltr'>ejusdem</span> <span class='ocrx_word' id='word_1_36' title='bbox 1289 764 1475 815; x_wconf 82' lang='lat' dir='ltr'>originem</span> <span class='ocrx_word' id='word_1_37' title='bbox 1502 764 1758 816; x_wconf 81' lang='lat' dir='ltr'>pharyngeam</span> <span class='ocrx_word' id='word_1_38' title='bbox 1785 779 1896 818; x_wconf 88' lang='lat' dir='ltr'>super</span> <span class='ocrx_word' id='word_1_39' title='bbox 1932 766 2035 804; x_wconf 91' lang='lat' dir='ltr'>illum</span> <span class='ocrx_word' id='word_1_40' title='bbox 2062 780 2218 818; x_wconf 87' lang='lat' dir='ltr'>procur-</span> 
     </span>
    </p>
   </div>
   <div class='ocr_carea' id='block_1_4' title="bbox 394 822 2219 934">
    <p class='ocr_par' dir='ltr' id='par_1_4' title="bbox 394 822 2219 934">
     <span class='ocr_line' id='line_1_7' title="bbox 394 822 1269 876; baseline -0.005 -13"><span class='ocrx_word' id='word_1_41' title='bbox 394 825 464 869; x_wconf 85' lang='lat' dir='ltr'>rit,</span> <span class='ocrx_word' id='word_1_42' title='bbox 492 824 681 876; x_wconf 82' lang='lat' dir='ltr'><strong>eidemque</strong></span> <span class='ocrx_word' id='word_1_43' title='bbox 707 824 776 861; x_wconf 87' lang='lat' dir='ltr'>toti</span> <span class='ocrx_word' id='word_1_44' title='bbox 803 823 967 860; x_wconf 90' lang='lat' dir='ltr'>ramulos</span> <span class='ocrx_word' id='word_1_45' title='bbox 995 837 1083 860; x_wconf 88' lang='lat' dir='ltr'>suos</span> <span class='ocrx_word' id='word_1_46' title='bbox 1111 822 1269 874; x_wconf 83' lang='lat' dir='ltr'><strong>spargit.</strong></span> 
     </span>
     <span class='ocr_line' id='line_1_8' title="bbox 595 879 2219 934; baseline 0.001 -17"><span class='ocrx_word' id='word_1_47' title='bbox 595 879 636 933; x_wconf 83' lang='grc' dir='ltr'>β)</span> <span class='ocrx_word' id='word_1_48' title='bbox 671 883 833 919; x_wconf 61' lang='lat' dir='ltr'>Ameria</span> <span class='ocrx_word' id='word_1_49' title='bbox 866 883 1121 918; x_wconf 75' lang='lat' dir='ltr'>mesenlerica</span> <span class='ocrx_word' id='word_1_50' title='bbox 1154 884 1388 925; x_wconf 77' lang='lat' dir='ltr'>communis,</span> <span class='ocrx_word' id='word_1_51' title='bbox 1423 893 1487 917; x_wconf 90' lang='lat' dir='ltr'>seu</span> <span class='ocrx_word' id='word_1_52' title='bbox 1528 879 1755 917; x_wconf 79' lang='lat' dir='ltr'>continuatio</span> <span class='ocrx_word' id='word_1_53' title='bbox 1789 888 1915 917; x_wconf 85' lang='lat' dir='ltr'>aortae</span> <span class='ocrx_word' id='word_1_54' title='bbox 1949 880 2140 918; x_wconf 70' lang='lat' dir='ltr'>visceralis</span> <span class='ocrx_word' id='word_1_55' title='bbox 2172 880 2219 934; x_wconf 79' lang='lat'>²).</span> 
     </span>
    </p>
   </div>
   <div class='ocr_carea' id='block_1_5' title="bbox 389 937 2218 1280">
    <p class='ocr_par' dir='ltr' id='par_1_5' title="bbox 392 937 2218 1107">
     <span class='ocr_line' id='line_1_9' title="bbox 392 937 2217 990; baseline -0.001 -13"><span class='ocrx_word' id='word_1_56' title='bbox 392 939 566 977; x_wconf 76' lang='lat' dir='ltr'>Decurrit</span> <span class='ocrx_word' id='word_1_57' title='bbox 592 938 763 989; x_wconf 89' lang='lat' dir='ltr'>corporis</span> <span class='ocrx_word' id='word_1_58' title='bbox 790 946 933 990; x_wconf 86' lang='lat' dir='ltr'>partem</span> <span class='ocrx_word' id='word_1_59' title='bbox 968 937 1214 989; x_wconf 79' lang='lat' dir='ltr'>posteriorem</span> <span class='ocrx_word' id='word_1_60' title='bbox 1243 953 1397 982; x_wconf 84' lang='lat' dir='ltr'>versus,</span> <span class='ocrx_word' id='word_1_61' title='bbox 1429 946 1465 976; x_wconf 89' lang='lat' dir='ltr'>et</span> <span class='ocrx_word' id='word_1_62' title='bbox 1492 937 1536 975; x_wconf 83' lang='lat' dir='ltr'>ad</span> <span class='ocrx_word' id='word_1_63' title='bbox 1563 938 1754 975; x_wconf 87' lang='lat' dir='ltr'>sinistrum</span> <span class='ocrx_word' id='word_1_64' title='bbox 1782 939 1972 976; x_wconf 82' lang='lat' dir='ltr'>columnae</span> <span class='ocrx_word' id='word_1_65' title='bbox 1998 938 2217 976; x_wconf 68' lang='lat' dir='ltr'>vertebralis</span> 
     </span>
     <span class='ocr_line' id='line_1_10' title="bbox 393 995 2218 1048; baseline 0 -15"><span class='ocrx_word' id='word_1_66' title='bbox 393 998 509 1040; x_wconf 84' lang='lat' dir='ltr'>latus,</span> <span class='ocrx_word' id='word_1_67' title='bbox 537 1004 646 1048; x_wconf 85' lang='lat' dir='ltr'>atque</span> <span class='ocrx_word' id='word_1_68' title='bbox 672 995 846 1034; x_wconf 87' lang='lat' dir='ltr'>intestino</span> <span class='ocrx_word' id='word_1_69' title='bbox 872 995 972 1033; x_wconf 86' lang='lat' dir='ltr'>tenui</span> <span class='ocrx_word' id='word_1_70' title='bbox 1000 1003 1035 1032; x_wconf 89' lang='lat' dir='ltr'>et</span> <span class='ocrx_word' id='word_1_71' title='bbox 1062 995 1143 1033; x_wconf 87' lang='lat' dir='ltr'>colo</span> <span class='ocrx_word' id='word_1_72' title='bbox 1170 1009 1237 1033; x_wconf 90' lang='lat' dir='ltr'>nec</span> <span class='ocrx_word' id='word_1_73' title='bbox 1262 1009 1334 1033; x_wconf 91' lang='lat' dir='ltr'>non</span> <span class='ocrx_word' id='word_1_74' title='bbox 1360 996 1453 1034; x_wconf 88' lang='lat' dir='ltr'>recti</span> <span class='ocrx_word' id='word_1_75' title='bbox 1481 995 1621 1033; x_wconf 84' lang='lat' dir='ltr'>duabus</span> <span class='ocrx_word' id='word_1_76' title='bbox 1648 995 1815 1048; x_wconf 84' lang='lat' dir='ltr'>partibus</span> <span class='ocrx_word' id='word_1_77' title='bbox 1846 995 2104 1047; x_wconf 88' lang='lat' dir='ltr'>superioribus</span> <span class='ocrx_word' id='word_1_78' title='bbox 2128 1008 2218 1033; x_wconf 91' lang='lat' dir='ltr'>suos</span> 
     </span>
     <span class='ocr_line' id='line_1_11' title="bbox 392 1053 1276 1107; baseline -0.002 -15"><span class='ocrx_word' id='word_1_79' title='bbox 392 1054 579 1107; x_wconf 85' lang='lat' dir='ltr'>dispergit</span> <span class='ocrx_word' id='word_1_80' title='bbox 604 1067 747 1098; x_wconf 79' lang='lat' dir='ltr'>ramos,</span> <span class='ocrx_word' id='word_1_81' title='bbox 775 1067 931 1106; x_wconf 90' lang='lat' dir='ltr'>quorum</span> <span class='ocrx_word' id='word_1_82' title='bbox 957 1053 1144 1105; x_wconf 85' lang='lat' dir='ltr'>praecipui</span> <span class='ocrx_word' id='word_1_83' title='bbox 1172 1062 1276 1091; x_wconf 91' lang='lat' dir='ltr'>sunt:</span> 
     </span>
    </p>

    <p class='ocr_par' dir='ltr' id='par_1_6' title="bbox 389 1110 2216 1280">
     <span class='ocr_line' id='line_1_12' title="bbox 543 1110 2215 1163; baseline -0.002 -12"><span class='ocrx_word' id='word_1_84' title='bbox 543 1117 572 1151; x_wconf 90' lang='lat'>1.</span> <span class='ocrx_word' id='word_1_85' title='bbox 598 1114 763 1149; x_wconf 74' lang='lat' dir='ltr'>Arteria</span> <span class='ocrx_word' id='word_1_86' title='bbox 789 1114 915 1150; x_wconf 78' lang='lat' dir='ltr'>colica</span> <span class='ocrx_word' id='word_1_87' title='bbox 933 1111 969 1162; x_wconf 78' lang='grc'>3)</span> <span class='ocrx_word' id='word_1_88' title='bbox 989 1110 1084 1148; x_wconf 87' lang='lat' dir='ltr'>haud</span> <span class='ocrx_word' id='word_1_89' title='bbox 1111 1111 1224 1161; x_wconf 82' lang='lat' dir='ltr'>longe</span> <span class='ocrx_word' id='word_1_90' title='bbox 1258 1126 1279 1149; x_wconf 82' lang='lat' dir='ltr'>a</span> <span class='ocrx_word' id='word_1_91' title='bbox 1305 1111 1425 1149; x_wconf 85' lang='lat' dir='ltr'>trunci</span> <span class='ocrx_word' id='word_1_92' title='bbox 1452 1111 1628 1163; x_wconf 87' lang='lat' dir='ltr'>primitivi</span> <span class='ocrx_word' id='word_1_93' title='bbox 1656 1111 1803 1162; x_wconf 83' lang='lat' dir='ltr'>origine</span> <span class='ocrx_word' id='word_1_94' title='bbox 1830 1119 1929 1155; x_wconf 82' lang='lat' dir='ltr'>orta,</span> <span class='ocrx_word' id='word_1_95' title='bbox 1958 1113 2038 1162; x_wconf 86' lang='lat' dir='ltr'>ejus</span> <span class='ocrx_word' id='word_1_96' title='bbox 2073 1124 2215 1148; x_wconf 88' lang='lat' dir='ltr'>ramum</span> 
     </span>
     <span class='ocr_line' id='line_1_13' title="bbox 391 1169 2216 1222; baseline -0.001 -15"><span class='ocrx_word' id='word_1_97' title='bbox 391 1170 583 1208; x_wconf 88' lang='lat' dir='ltr'>constituit.</span> <span class='ocrx_word' id='word_1_98' title='bbox 609 1169 832 1222; x_wconf 88' lang='lat' dir='ltr'>principem,</span> <span class='ocrx_word' id='word_1_99' title='bbox 860 1177 969 1220; x_wconf 83' lang='lat' dir='ltr'>atque</span> <span class='ocrx_word' id='word_1_100' title='bbox 997 1169 1041 1206; x_wconf 90' lang='lat' dir='ltr'>ad</span> <span class='ocrx_word' id='word_1_101' title='bbox 1075 1170 1287 1206; x_wconf 89' lang='lat' dir='ltr'>mesocolon</span> <span class='ocrx_word' id='word_1_102' title='bbox 1322 1182 1439 1220; x_wconf 88' lang='lat' dir='ltr'>usque</span> <span class='ocrx_word' id='word_1_103' title='bbox 1466 1183 1576 1219; x_wconf 92' lang='lat' dir='ltr'>quum</span> <span class='ocrx_word' id='word_1_104' title='bbox 1610 1169 1766 1206; x_wconf 79' lang='lat' dir='ltr'>indivisa</span> <span class='ocrx_word' id='word_1_105' title='bbox 1798 1169 2026 1218; x_wconf 80' lang='lat' dir='ltr'>pervenerit,</span> <span class='ocrx_word' id='word_1_106' title='bbox 2062 1169 2098 1206; x_wconf 87' lang='lat' dir='ltr'>in</span> <span class='ocrx_word' id='word_1_107' title='bbox 2134 1169 2216 1220; x_wconf 89' lang='lat' dir='ltr'>plu·</span> 
     </span>
     <span class='ocr_line' id='line_1_14' title="bbox 389 1226 2215 1280; baseline 0 -16"><span class='ocrx_word' id='word_1_108' title='bbox 389 1242 450 1266; x_wconf 88' lang='lat' dir='ltr'>res</span> <span class='ocrx_word' id='word_1_109' title='bbox 485 1228 709 1280; x_wconf 85' lang='lat' dir='ltr'>dispescitur</span> <span class='ocrx_word' id='word_1_110' title='bbox 742 1241 884 1273; x_wconf 82' lang='lat' dir='ltr'>ramos;</span> <span class='ocrx_word' id='word_1_111' title='bbox 911 1241 1067 1279; x_wconf 90' lang='lat' dir='ltr'>quorum</span> <span class='ocrx_word' id='word_1_112' title='bbox 1094 1227 1241 1278; x_wconf 89' lang='lat' dir='ltr'>quidam</span> <span class='ocrx_word' id='word_1_113' title='bbox 1267 1235 1407 1264; x_wconf 89' lang='lat' dir='ltr'>tantum</span> <span class='ocrx_word' id='word_1_114' title='bbox 1442 1226 1564 1264; x_wconf 86' lang='lat' dir='ltr'>tenuis</span> <span class='ocrx_word' id='word_1_115' title='bbox 1600 1226 1765 1264; x_wconf 89' lang='lat' dir='ltr'>intestini</span> <span class='ocrx_word' id='word_1_116' title='bbox 1793 1226 2063 1264; x_wconf 82' lang='lat' dir='ltr'>extremitatem</span> <span class='ocrx_word' id='word_1_117' title='bbox 2090 1235 2215 1278; x_wconf 88' lang='lat' dir='ltr'>poste-</span> 
     </span>
    </p>
   </div>
   <div class='ocr_carea' id='block_1_6' title="bbox 386 1284 2214 1567">
    <p class='ocr_par' dir='ltr' id='par_1_7' title="bbox 390 1284 1564 1336">
     <span class='ocr_line' id='line_1_15' title="bbox 390 1284 1564 1336; baseline -0.003 -13"><span class='ocrx_word' id='word_1_118' title='bbox 390 1285 546 1329; x_wconf 81' lang='lat' dir='ltr'>riorem,</span> <span class='ocrx_word' id='word_1_119' title='bbox 574 1285 740 1336; x_wconf 86' lang='lat' dir='ltr'>plerique</span> <span class='ocrx_word' id='word_1_120' title='bbox 766 1298 853 1321; x_wconf 87' lang='lat' dir='ltr'>vero</span> <span class='ocrx_word' id='word_1_121' title='bbox 882 1286 987 1322; x_wconf 90' lang='lat' dir='ltr'>colon</span> <span class='ocrx_word' id='word_1_122' title='bbox 1017 1291 1132 1321; x_wconf 84' lang='lat' dir='ltr'>totum</span> <span class='ocrx_word' id='word_1_123' title='bbox 1160 1284 1395 1335; x_wconf 89' lang='lat' dir='ltr'>potissimum</span> <span class='ocrx_word' id='word_1_124' title='bbox 1423 1284 1564 1322; x_wconf 88' lang='lat' dir='ltr'>adeunt.</span> 
     </span>
    </p>

    <p class='ocr_par' dir='ltr' id='par_1_8' title="bbox 539 1342 2136 1394">
     <span class='ocr_line' id='line_1_16' title="bbox 539 1342 2136 1394; baseline 0 -16"><span class='ocrx_word' id='word_1_125' title='bbox 539 1345 570 1379; x_wconf 78' lang='lat'>2.</span> <span class='ocrx_word' id='word_1_126' title='bbox 596 1345 758 1379; x_wconf 72' lang='lat' dir='ltr'>Arteria</span> <span class='ocrx_word' id='word_1_127' title='bbox 781 1345 1033 1380; x_wconf 71' lang='lat' dir='ltr'>mesenterica</span> <span class='ocrx_word' id='word_1_128' title='bbox 1060 1347 1237 1380; x_wconf 76' lang='lat' dir='ltr'>anlerior</span> <span class='ocrx_word' id='word_1_129' title='bbox 1258 1342 1293 1394; x_wconf 64' lang='lat'>⁴¹)</span> <span class='ocrx_word' id='word_1_130' title='bbox 1321 1342 1365 1379; x_wconf 85' lang='lat' dir='ltr'>ad</span> <span class='ocrx_word' id='word_1_131' title='bbox 1393 1351 1535 1393; x_wconf 85' lang='lat' dir='ltr'>partem</span> <span class='ocrx_word' id='word_1_132' title='bbox 1562 1342 1785 1380; x_wconf 85' lang='lat' dir='ltr'>anteriorem</span> <span class='ocrx_word' id='word_1_133' title='bbox 1812 1342 1935 1379; x_wconf 85' lang='lat' dir='ltr'>tenuis</span> <span class='ocrx_word' id='word_1_134' title='bbox 1962 1342 2136 1380; x_wconf 82' lang='lat' dir='ltr'>intestini.</span> 
     </span>
    </p>

    <p class='ocr_par' dir='ltr' id='par_1_9' title="bbox 534 1398 2050 1452">
     <span class='ocr_line' id='line_1_17' title="bbox 534 1398 2050 1452; baseline -0.001 -15"><span class='ocrx_word' id='word_1_135' title='bbox 534 1403 566 1437; x_wconf 84' lang='lat'>3.</span> <span class='ocrx_word' id='word_1_136' title='bbox 591 1401 753 1437; x_wconf 72' lang='lat' dir='ltr'>Arteritt</span> <span class='ocrx_word' id='word_1_137' title='bbox 779 1403 1031 1437; x_wconf 74' lang='lat' dir='ltr'>meseuterica</span> <span class='ocrx_word' id='word_1_138' title='bbox 1052 1403 1256 1447; x_wconf 76' lang='lat' dir='ltr'>posterior</span> <span class='ocrx_word' id='word_1_139' title='bbox 1273 1398 1328 1452; x_wconf 85' lang='lat'>⁵):</span> <span class='ocrx_word' id='word_1_140' title='bbox 1358 1399 1521 1450; x_wconf 89' lang='lat' dir='ltr'>ejusdem</span> <span class='ocrx_word' id='word_1_141' title='bbox 1549 1399 1593 1436; x_wconf 88' lang='lat' dir='ltr'>ad</span> <span class='ocrx_word' id='word_1_142' title='bbox 1620 1407 1763 1451; x_wconf 84' lang='lat' dir='ltr'>partem</span> <span class='ocrx_word' id='word_1_143' title='bbox 1790 1399 2050 1450; x_wconf 85' lang='lat' dir='ltr'>posteriorem.</span> 
     </span>
    </p>

    <p class='ocr_par' dir='ltr' id='par_1_10' title="bbox 386 1456 2214 1567">
     <span class='ocr_line' id='line_1_18' title="bbox 537 1456 2214 1510; baseline 0 -17"><span class='ocrx_word' id='word_1_144' title='bbox 537 1459 569 1493; x_wconf 71' lang='lat' dir='ltr'>ll.</span> <span class='ocrx_word' id='word_1_145' title='bbox 596 1458 758 1494; x_wconf 79' lang='lat' dir='ltr'>Arteria</span> <span class='ocrx_word' id='word_1_146' title='bbox 777 1460 1132 1495; x_wconf 65' lang='lat' dir='ltr'>leaemorrhoiaelali-s·</span> <span class='ocrx_word' id='word_1_147' title='bbox 1147 1462 1324 1496; x_wconf 75' lang='lat' dir='ltr'>anterior</span> <span class='ocrx_word' id='word_1_148' title='bbox 1339 1457 1376 1510; x_wconf 82' lang='lat'>⁵)</span> <span class='ocrx_word' id='word_1_149' title='bbox 1386 1457 1655 1509; x_wconf 81' lang='lat' dir='ltr'>denique,quae</span> <span class='ocrx_word' id='word_1_150' title='bbox 1681 1456 1990 1508; x_wconf 83' lang='lat' dir='ltr'>trunciprimitivi</span> <span class='ocrx_word' id='word_1_151' title='bbox 2018 1456 2214 1493; x_wconf 87' lang='lat' dir='ltr'>continua-</span> 
     </span>
     <span class='ocr_line' id='line_1_19' title="bbox 386 1514 2211 1567; baseline -0.001 -15"><span class='ocrx_word' id='word_1_152' title='bbox 386 1515 524 1552; x_wconf 85' lang='lat' dir='ltr'>tionem</span> <span class='ocrx_word' id='word_1_153' title='bbox 539 1514 647 1559; x_wconf 85' lang='lat' dir='ltr'>sistit,</span> <span class='ocrx_word' id='word_1_154' title='bbox 661 1514 884 1566; x_wconf 84' lang='lat' dir='ltr'>longumque</span> <span class='ocrx_word' id='word_1_155' title='bbox 896 1523 981 1567; x_wconf 88' lang='lat' dir='ltr'>post</span> <span class='ocrx_word' id='word_1_156' title='bbox 996 1515 1076 1558; x_wconf 77' lang='lat' dir='ltr'>iter,</span> <span class='ocrx_word' id='word_1_157' title='bbox 1087 1529 1170 1552; x_wconf 89' lang='lat' dir='ltr'>sese</span> <span class='ocrx_word' id='word_1_158' title='bbox 1187 1515 1223 1552; x_wconf 88' lang='lat' dir='ltr'>in</span> <span class='ocrx_word' id='word_1_159' title='bbox 1244 1515 1407 1553; x_wconf 87' lang='lat' dir='ltr'>intestini</span> <span class='ocrx_word' id='word_1_160' title='bbox 1421 1514 1511 1551; x_wconf 88' lang='lat' dir='ltr'>recti</span> <span class='ocrx_word' id='word_1_161' title='bbox 1524 1523 1629 1565; x_wconf 91' lang='lat' dir='ltr'>parte</span> <span class='ocrx_word' id='word_1_162' title='bbox 1643 1515 1828 1552; x_wconf 83' lang='lat' dir='ltr'>anteriore</span> <span class='ocrx_word' id='word_1_163' title='bbox 1840 1522 1876 1551; x_wconf 82' lang='lat' dir='ltr'>et</span> <span class='ocrx_word' id='word_1_164' title='bbox 1889 1514 2007 1552; x_wconf 85' lang='lat' dir='ltr'>media</span> <span class='ocrx_word' id='word_1_165' title='bbox 2018 1514 2211 1551; x_wconf 83' lang='lat' dir='ltr'>ramilicat.</span> 
     </span>
    </p>
   </div>
   <div class='ocr_carea' id='block_1_7' title="bbox 872 1631 1730 1674">
    <p class='ocr_par' dir='ltr' id='par_1_11' title="bbox 872 1631 1730 1674">
     <span class='ocr_line' id='line_1_20' title="bbox 872 1631 1730 1674; baseline -0.001 -9"><span class='ocrx_word' id='word_1_166' title='bbox 872 1633 917 1665; x_wconf 76' lang='lat' dir='ltr'>C.</span> <span class='ocrx_word' id='word_1_167' title='bbox 948 1632 1131 1666; x_wconf 71' lang='lat' dir='ltr'>Arteria</span> <span class='ocrx_word' id='word_1_168' title='bbox 1161 1631 1439 1674; x_wconf 79' lang='lat' dir='ltr'>pulmonalis</span> <span class='ocrx_word' id='word_1_169' title='bbox 1462 1631 1730 1665; x_wconf 83' lang='lat' dir='ltr'>communis.</span> 
     </span>
    </p>
   </div>
   <div class='ocr_carea' id='block_1_8' title="bbox 384 1711 2214 1936">
    <p class='ocr_par' dir='ltr' id='par_1_12' title="bbox 384 1711 2214 1936">
     <span class='ocr_line' id='line_1_21' title="bbox 486 1711 2212 1762; baseline -0.001 -13"><span class='ocrx_word' id='word_1_170' title='bbox 486 1714 648 1750; x_wconf 70' lang='lat' dir='ltr'>Arteria</span> <span class='ocrx_word' id='word_1_171' title='bbox 662 1716 902 1762; x_wconf 75' lang='lat' dir='ltr'>pulmomtlis</span> <span class='ocrx_word' id='word_1_172' title='bbox 925 1717 1136 1752; x_wconf 72' lang='lat' dir='ltr'>communis</span> <span class='ocrx_word' id='word_1_173' title='bbox 1163 1713 1253 1751; x_wconf 85' lang='lat' dir='ltr'>duas</span> <span class='ocrx_word' id='word_1_174' title='bbox 1281 1713 1428 1751; x_wconf 86' lang='lat' dir='ltr'>circiter</span> <span class='ocrx_word' id='word_1_175' title='bbox 1453 1712 1570 1749; x_wconf 82' lang='lat' dir='ltr'>lineas</span> <span class='ocrx_word' id='word_1_176' title='bbox 1598 1727 1616 1749; x_wconf 89' lang='lat' dir='ltr'>e</span> <span class='ocrx_word' id='word_1_177' title='bbox 1644 1726 1733 1749; x_wconf 87' lang='lat' dir='ltr'>cono</span> <span class='ocrx_word' id='word_1_178' title='bbox 1762 1711 1943 1749; x_wconf 84' lang='lat' dir='ltr'>arterioso</span> <span class='ocrx_word' id='word_1_179' title='bbox 1963 1712 2078 1749; x_wconf 83' lang='lat' dir='ltr'>libere</span> <span class='ocrx_word' id='word_1_180' title='bbox 2105 1726 2212 1749; x_wconf 68' lang='lat' dir='ltr'>evec-</span> 
     </span>
     <span class='ocr_line' id='line_1_22' title="bbox 384 1768 2213 1823; baseline 0 -16"><span class='ocrx_word' id='word_1_181' title='bbox 384 1779 432 1815; x_wconf 84' lang='lat' dir='ltr'>ta,</span> <span class='ocrx_word' id='word_1_182' title='bbox 458 1770 494 1807; x_wconf 92' lang='lat' dir='ltr'>in</span> <span class='ocrx_word' id='word_1_183' title='bbox 517 1773 977 1819; x_wconf 67' lang='lat' dir='ltr'>pulmomtlemdeoetram</span> <span class='ocrx_word' id='word_1_184' title='bbox 1000 1773 1031 1819; x_wconf 85' lang='lat'>⁷)</span> <span class='ocrx_word' id='word_1_185' title='bbox 1060 1779 1097 1808; x_wconf 92' lang='lat' dir='ltr'>et</span> <span class='ocrx_word' id='word_1_186' title='bbox 1125 1770 1159 1808; x_wconf 90' lang='lat' dir='ltr'>in</span> <span class='ocrx_word' id='word_1_187' title='bbox 1186 1775 1384 1809; x_wconf 69' lang='lat' dir='ltr'>sinistram</span> <span class='ocrx_word' id='word_1_188' title='bbox 1403 1768 1439 1823; x_wconf 78' lang='lat'>8)</span> <span class='ocrx_word' id='word_1_189' title='bbox 1468 1770 1652 1815; x_wconf 69' lang='lat' dir='ltr'>dividitur,</span> <span class='ocrx_word' id='word_1_190' title='bbox 1677 1784 1830 1822; x_wconf 87' lang='lat' dir='ltr'>quarum</span> <span class='ocrx_word' id='word_1_191' title='bbox 1856 1770 1959 1821; x_wconf 87' lang='lat' dir='ltr'>prior</span> <span class='ocrx_word' id='word_1_192' title='bbox 1987 1770 2111 1807; x_wconf 86' lang='lat' dir='ltr'>statim</span> <span class='ocrx_word' id='word_1_193' title='bbox 2125 1770 2213 1813; x_wconf 80' lang='lat' dir='ltr'>fere,</span> 
     </span>
     <span class='ocr_line' id='line_1_23' title="bbox 385 1827 2214 1880; baseline 0.001 -16"><span class='ocrx_word' id='word_1_194' title='bbox 385 1828 503 1866; x_wconf 85' lang='lat' dir='ltr'>altera</span> <span class='ocrx_word' id='word_1_195' title='bbox 539 1842 650 1871; x_wconf 65' lang='lat' dir='ltr'>vero,</span> <span class='ocrx_word' id='word_1_196' title='bbox 686 1835 881 1880; x_wconf 85' lang='lat' dir='ltr'>postquam</span> <span class='ocrx_word' id='word_1_197' title='bbox 916 1828 1111 1865; x_wconf 67' lang='lat' dir='ltr'>ventriculi</span> <span class='ocrx_word' id='word_1_198' title='bbox 1140 1828 1324 1879; x_wconf 84' lang='lat' dir='ltr'>originem</span> <span class='ocrx_word' id='word_1_199' title='bbox 1351 1828 1518 1880; x_wconf 84' lang='lat' dir='ltr'>trajecit,</span> <span class='ocrx_word' id='word_1_200' title='bbox 1546 1827 1656 1865; x_wconf 87' lang='lat' dir='ltr'>simul</span> <span class='ocrx_word' id='word_1_201' title='bbox 1685 1842 1765 1865; x_wconf 90' lang='lat' dir='ltr'>cum</span> <span class='ocrx_word' id='word_1_202' title='bbox 1794 1832 1898 1866; x_wconf 65' lang='lat' dir='ltr'>venis·</span> <span class='ocrx_word' id='word_1_203' title='bbox 1922 1830 2214 1877; x_wconf 72' lang='lat' dir='ltr'>pulmonalibus</span> 
     </span>
     <span class='ocr_line' id='line_1_24' title="bbox 385 1885 1151 1936; baseline 0.001 -14"><span class='ocrx_word' id='word_1_204' title='bbox 385 1885 429 1922; x_wconf 86' lang='lat' dir='ltr'>ad</span> <span class='ocrx_word' id='word_1_205' title='bbox 456 1885 583 1923; x_wconf 88' lang='lat' dir='ltr'>lateris</span> <span class='ocrx_word' id='word_1_206' title='bbox 612 1885 668 1922; x_wconf 89' lang='lat' dir='ltr'>sui</span> <span class='ocrx_word' id='word_1_207' title='bbox 697 1885 906 1936; x_wconf 85' lang='lat' dir='ltr'>pulmonem</span> <span class='ocrx_word' id='word_1_208' title='bbox 935 1894 1151 1923; x_wconf 84' lang='lat' dir='ltr'>commeant.</span> 
     </span>
    </p>
   </div>
   <div class='ocr_carea' id='block_1_9' title="bbox 912 2001 1680 2072">
    <p class='ocr_par' dir='ltr' id='par_1_13' title="bbox 912 2001 1680 2072">
     <span class='ocr_line' id='line_1_25' title="bbox 912 2001 1680 2072; baseline -0.005 -14"><span class='ocrx_word' id='word_1_209' title='bbox 912 2004 958 2071; x_wconf 62' lang='grc' dir='ltr'><strong>ξ</strong></span> <span class='ocrx_word' id='word_1_210' title='bbox 997 2004 1045 2054; x_wconf 75' lang='grc'>7.</span> <span class='ocrx_word' id='word_1_211' title='bbox 1084 2001 1310 2055; x_wconf 81' lang='lat' dir='ltr'>Arteria</span> <span class='ocrx_word' id='word_1_212' title='bbox 1346 2003 1583 2072; x_wconf 57' lang='lat' dir='ltr'>myelica</span> <span class='ocrx_word' id='word_1_213' title='bbox 1618 2002 1680 2070; x_wconf 73' lang='grc'>9).</span> 
     </span>
    </p>
   </div>
   <div class='ocr_carea' id='block_1_10' title="bbox 382 2110 2210 2219">
    <p class='ocr_par' dir='ltr' id='par_1_14' title="bbox 382 2110 2210 2219">
     <span class='ocr_line' id='line_1_26' title="bbox 483 2110 2210 2164; baseline 0 -17"><span class='ocrx_word' id='word_1_214' title='bbox 483 2112 645 2148; x_wconf 72' lang='lat' dir='ltr'>Arlerlcc</span> <span class='ocrx_word' id='word_1_215' title='bbox 664 2112 826 2159; x_wconf 69' lang='lat' dir='ltr'>myeb&#39;ea</span> <span class='ocrx_word' id='word_1_216' title='bbox 852 2112 906 2164; x_wconf 90' lang='lat'>¹0)</span> <span class='ocrx_word' id='word_1_217' title='bbox 929 2113 964 2159; x_wconf 88' lang='lat' dir='ltr'>(a</span> <span class='ocrx_word' id='word_1_218' title='bbox 993 2110 1127 2159; x_wconf 78' lang='grc' dir='ltr'>μύελός</span> <span class='ocrx_word' id='word_1_219' title='bbox 1156 2110 1329 2159; x_wconf 84' lang='lat' dir='ltr'>medulla)</span> <span class='ocrx_word' id='word_1_220' title='bbox 1352 2110 1530 2148; x_wconf 84' lang='lat' dir='ltr'>medullae</span> <span class='ocrx_word' id='word_1_221' title='bbox 1558 2110 1732 2162; x_wconf 83' lang='lat' dir='ltr'>spinalis,</span> <span class='ocrx_word' id='word_1_222' title='bbox 1760 2124 1825 2148; x_wconf 85' lang='lat' dir='ltr'>nec</span> <span class='ocrx_word' id='word_1_223' title='bbox 1854 2124 1946 2156; x_wconf 87' lang='lat' dir='ltr'>non,</span> <span class='ocrx_word' id='word_1_224' title='bbox 1981 2125 2068 2148; x_wconf 85' lang='lat' dir='ltr'>suae</span> <span class='ocrx_word' id='word_1_225' title='bbox 2096 2110 2210 2148; x_wconf 86' lang='lat' dir='ltr'>conti-</span> 
     </span>
     <span class='ocr_line' id='line_1_27' title="bbox 382 2167 2209 2219; baseline 0.001 -15"><span class='ocrx_word' id='word_1_226' title='bbox 382 2167 566 2205; x_wconf 82' lang='lat' dir='ltr'>nuationis</span> <span class='ocrx_word' id='word_1_227' title='bbox 595 2181 706 2204; x_wconf 84' lang='lat' dir='ltr'>causa</span> <span class='ocrx_word' id='word_1_228' title='bbox 735 2170 920 2205; x_wconf 72' lang='lat' dir='ltr'>hcc-silaris</span> <span class='ocrx_word' id='word_1_229' title='bbox 948 2168 1015 2204; x_wconf 88' lang='lat' dir='ltr'>sub</span> <span class='ocrx_word' id='word_1_230' title='bbox 1044 2168 1210 2212; x_wconf 73' lang='lat' dir='ltr'>nomine,</span> <span class='ocrx_word' id='word_1_231' title='bbox 1250 2168 1429 2205; x_wconf 83' lang='lat' dir='ltr'>medullae</span> <span class='ocrx_word' id='word_1_232' title='bbox 1465 2169 1704 2219; x_wconf 81' lang='lat' dir='ltr'>oblongatae.</span> <span class='ocrx_word' id='word_1_233' title='bbox 1732 2168 1921 2213; x_wconf 83' lang='lat' dir='ltr'>cerebelli,</span> <span class='ocrx_word' id='word_1_234' title='bbox 1948 2182 2209 2219; x_wconf 87' lang='lat' dir='ltr'>processuum-</span> 
     </span>
    </p>
   </div>
   <div class='ocr_carea' id='block_1_11' title="bbox 382 2224 2211 2334">
    <p class='ocr_par' dir='ltr' id='par_1_15' title="bbox 382 2224 2211 2334">
     <span class='ocr_line' id='line_1_28' title="bbox 382 2224 1234 2276; baseline -0.001 -14"><span class='ocrx_word' id='word_1_235' title='bbox 382 2239 451 2276; x_wconf 88' lang='lat' dir='ltr'>que</span> <span class='ocrx_word' id='word_1_236' title='bbox 478 2225 522 2262; x_wconf 89' lang='lat' dir='ltr'>ad</span> <span class='ocrx_word' id='word_1_237' title='bbox 550 2224 771 2262; x_wconf 87' lang='lat' dir='ltr'>cerebellum</span> <span class='ocrx_word' id='word_1_238' title='bbox 798 2224 992 2262; x_wconf 84' lang='lat' dir='ltr'>nutritioni</span> <span class='ocrx_word' id='word_1_239' title='bbox 1013 2225 1234 2276; x_wconf 84' lang='lat' dir='ltr'>praeficitur.</span> 
     </span>
     <span class='ocr_line' id='line_1_29' title="bbox 482 2282 2211 2334; baseline 0 -14"><span class='ocrx_word' id='word_1_240' title='bbox 482 2282 587 2320; x_wconf 89' lang='lat' dir='ltr'>Haec</span> <span class='ocrx_word' id='word_1_241' title='bbox 614 2282 958 2334; x_wconf 82' lang='lat' dir='ltr'>arteriapertotam</span> <span class='ocrx_word' id='word_1_242' title='bbox 986 2282 1167 2319; x_wconf 88' lang='lat' dir='ltr'>medullae</span> <span class='ocrx_word' id='word_1_243' title='bbox 1194 2282 1349 2334; x_wconf 83' lang='lat' dir='ltr'>spinalis</span> <span class='ocrx_word' id='word_1_244' title='bbox 1378 2282 1645 2333; x_wconf 82' lang='lat' dir='ltr'>longitudinem</span> <span class='ocrx_word' id='word_1_245' title='bbox 1666 2282 1699 2319; x_wconf 93' lang='lat' dir='ltr'>in</span> <span class='ocrx_word' id='word_1_246' title='bbox 1729 2282 1832 2319; x_wconf 89' lang='lat' dir='ltr'>sulco</span> <span class='ocrx_word' id='word_1_247' title='bbox 1861 2285 1940 2333; x_wconf 87' lang='lat' dir='ltr'>ejus</span> <span class='ocrx_word' id='word_1_248' title='bbox 1962 2282 2131 2320; x_wconf 78' lang='lat' dir='ltr'>inferiori</span> <span class='ocrx_word' id='word_1_249' title='bbox 2152 2282 2211 2320; x_wconf 89' lang='lat' dir='ltr'>de-</span> 
     </span>
    </p>
   </div>
   <div class='ocr_carea' id='block_1_12' title="bbox 379 2340 2211 2565">
    <p class='ocr_par' dir='ltr' id='par_1_16' title="bbox 380 2340 2211 2451">
     <span class='ocr_line' id='line_1_30' title="bbox 380 2340 2211 2393; baseline 0 -15"><span class='ocrx_word' id='word_1_250' title='bbox 380 2341 513 2383; x_wconf 75' lang='lat' dir='ltr'>currit7</span> <span class='ocrx_word' id='word_1_251' title='bbox 547 2349 582 2378; x_wconf 88' lang='lat' dir='ltr'>et</span> <span class='ocrx_word' id='word_1_252' title='bbox 609 2340 653 2378; x_wconf 87' lang='lat' dir='ltr'>ad</span> <span class='ocrx_word' id='word_1_253' title='bbox 680 2340 844 2377; x_wconf 89' lang='lat' dir='ltr'>cranium</span> <span class='ocrx_word' id='word_1_254' title='bbox 871 2354 987 2392; x_wconf 85' lang='lat' dir='ltr'>usque</span> <span class='ocrx_word' id='word_1_255' title='bbox 1024 2340 1210 2391; x_wconf 85' lang='lat' dir='ltr'>procedit,</span> <span class='ocrx_word' id='word_1_256' title='bbox 1247 2340 1342 2393; x_wconf 84' lang='lat' dir='ltr'>quod</span> <span class='ocrx_word' id='word_1_257' title='bbox 1379 2340 1533 2393; x_wconf 82' lang='lat' dir='ltr'>denique</span> <span class='ocrx_word' id='word_1_258' title='bbox 1568 2341 1762 2391; x_wconf 82' lang='lat' dir='ltr'>ingressa,</span> <span class='ocrx_word' id='word_1_259' title='bbox 1791 2354 1903 2378; x_wconf 79' lang='lat' dir='ltr'>ramo</span> <span class='ocrx_word' id='word_1_260' title='bbox 1946 2344 2090 2388; x_wconf 71' lang='lat' dir='ltr'>spinuli</span> <span class='ocrx_word' id='word_1_261' title='bbox 2128 2344 2211 2378; x_wconf 74' lang='lat' dir='ltr'><em>ulli-</em></span> 
     </span>
     <span class='ocr_line' id='line_1_31' title="bbox 381 2396 1643 2451; baseline -0.001 -16"><span class='ocrx_word' id='word_1_262' title='bbox 381 2412 443 2436; x_wconf 83' lang='lat' dir='ltr'>mo</span> <span class='ocrx_word' id='word_1_263' title='bbox 468 2396 522 2451; x_wconf 93' lang='lat'>¹¹)</span> <span class='ocrx_word' id='word_1_264' title='bbox 558 2399 749 2450; x_wconf 83' lang='lat' dir='ltr'>utriusque</span> <span class='ocrx_word' id='word_1_265' title='bbox 775 2397 903 2435; x_wconf 89' lang='lat' dir='ltr'>lateris</span> <span class='ocrx_word' id='word_1_266' title='bbox 934 2406 1104 2450; x_wconf 85' lang='lat' dir='ltr'>recepto,</span> <span class='ocrx_word' id='word_1_267' title='bbox 1139 2403 1289 2436; x_wconf 72' lang='lat' dir='ltr'>arteria</span> <span class='ocrx_word' id='word_1_268' title='bbox 1323 2401 1506 2436; x_wconf 57' lang='lat' dir='ltr'>bus-ilaris·</span> <span class='ocrx_word' id='word_1_269' title='bbox 1534 2398 1643 2435; x_wconf 85' lang='lat' dir='ltr'>audit.</span> 
     </span>
    </p>

    <p class='ocr_par' dir='ltr' id='par_1_17' title="bbox 379 2455 2207 2565">
     <span class='ocr_line' id='line_1_32' title="bbox 481 2455 2207 2507; baseline -0.001 -14"><span class='ocrx_word' id='word_1_270' title='bbox 481 2455 621 2493; x_wconf 85' lang='lat' dir='ltr'>Eadem</span> <span class='ocrx_word' id='word_1_271' title='bbox 647 2470 667 2493; x_wconf 90' lang='lat' dir='ltr'>a</span> <span class='ocrx_word' id='word_1_272' title='bbox 687 2459 808 2493; x_wconf 72' lang='lat' dir='ltr'>ramis</span> <span class='ocrx_word' id='word_1_273' title='bbox 834 2458 1068 2504; x_wconf 70' lang='lat' dir='ltr'>spinalibns,</span> <span class='ocrx_word' id='word_1_274' title='bbox 1096 2470 1315 2507; x_wconf 86' lang='lat' dir='ltr'>unoquoque</span> <span class='ocrx_word' id='word_1_275' title='bbox 1345 2456 1381 2493; x_wconf 90' lang='lat' dir='ltr'>in</span> <span class='ocrx_word' id='word_1_276' title='bbox 1413 2455 1534 2507; x_wconf 85' lang='lat' dir='ltr'>spatio</span> <span class='ocrx_word' id='word_1_277' title='bbox 1562 2455 1859 2492; x_wconf 71' lang='lat' dir='ltr'>intervertebrali</span> <span class='ocrx_word' id='word_1_278' title='bbox 1890 2456 1927 2492; x_wconf 89' lang='lat' dir='ltr'>in</span> <span class='ocrx_word' id='word_1_279' title='bbox 1954 2455 2071 2505; x_wconf 84' lang='lat' dir='ltr'>ipsam</span> <span class='ocrx_word' id='word_1_280' title='bbox 2099 2455 2207 2506; x_wconf 87' lang='lat' dir='ltr'>paulo</span> 
     </span>
     <span class='ocr_line' id='line_1_33' title="bbox 379 2512 2207 2565; baseline -0.001 -15"><span class='ocrx_word' id='word_1_281' title='bbox 379 2521 591 2551; x_wconf 85' lang='lat' dir='ltr'>antrorsum</span> <span class='ocrx_word' id='word_1_282' title='bbox 626 2527 758 2550; x_wconf 61' lang='lat' dir='ltr'>versus</span> <span class='ocrx_word' id='word_1_283' title='bbox 788 2513 1076 2556; x_wconf 78' lang='lat' dir='ltr'>confluentibus,</span> <span class='ocrx_word' id='word_1_284' title='bbox 1115 2513 1369 2565; x_wconf 81' lang='lat' dir='ltr'>componitur:</span> <span class='ocrx_word' id='word_1_285' title='bbox 1409 2514 1467 2565; x_wconf 89' lang='lat' dir='ltr'>qui</span> <span class='ocrx_word' id='word_1_286' title='bbox 1509 2513 1621 2558; x_wconf 88' lang='lat' dir='ltr'>rami,</span> <span class='ocrx_word' id='word_1_287' title='bbox 1662 2512 1702 2563; x_wconf 89' lang='lat' dir='ltr'>a)</span> <span class='ocrx_word' id='word_1_288' title='bbox 1739 2513 1775 2549; x_wconf 90' lang='lat' dir='ltr'>in</span> <span class='ocrx_word' id='word_1_289' title='bbox 1819 2513 1938 2564; x_wconf 85' lang='lat' dir='ltr'>spatio</span> <span class='ocrx_word' id='word_1_290' title='bbox 1982 2512 2124 2549; x_wconf 84' lang='lat' dir='ltr'>caudali</span> <span class='ocrx_word' id='word_1_291' title='bbox 2163 2526 2207 2549; x_wconf 85' lang='lat' dir='ltr'>ex</span> 
     </span>
    </p>
   </div>
   <div class='ocr_carea' id='block_1_13' title="bbox 428 2665 2206 2759">
    <p class='ocr_par' dir='ltr' id='par_1_18' title="bbox 428 2665 2206 2759">
     <span class='ocr_line' id='line_1_34' title="bbox 428 2665 2206 2705; baseline 0 -11"><span class='ocrx_word' id='word_1_292' title='bbox 428 2665 454 2705; x_wconf 79' lang='lat'>⁹)</span> <span class='ocrx_word' id='word_1_293' title='bbox 481 2667 577 2703; x_wconf 84' lang='lat' dir='ltr'>Quum</span> <span class='ocrx_word' id='word_1_294' title='bbox 610 2667 683 2695; x_wconf 81' lang='lat' dir='ltr'>haec</span> <span class='ocrx_word' id='word_1_295' title='bbox 708 2668 820 2695; x_wconf 79' lang='lat' dir='ltr'>arteria</span> <span class='ocrx_word' id='word_1_296' title='bbox 849 2668 883 2696; x_wconf 84' lang='lat' dir='ltr'>ad</span> <span class='ocrx_word' id='word_1_297' title='bbox 914 2677 988 2696; x_wconf 80' lang='lat' dir='ltr'>vasa</span> <span class='ocrx_word' id='word_1_298' title='bbox 1012 2665 1104 2705; x_wconf 83' lang='lat' dir='ltr'>capiti</span> <span class='ocrx_word' id='word_1_299' title='bbox 1127 2669 1289 2697; x_wconf 79' lang='lat' dir='ltr'>emittenda</span> <span class='ocrx_word' id='word_1_300' title='bbox 1316 2669 1406 2697; x_wconf 78' lang='lat' dir='ltr'>sinull</span> <span class='ocrx_word' id='word_1_301' title='bbox 1434 2668 1588 2701; x_wconf 86' lang='lat' dir='ltr'>conferat,</span> <span class='ocrx_word' id='word_1_302' title='bbox 1624 2668 1689 2703; x_wconf 77' lang='lat' dir='ltr'>ejus</span> <span class='ocrx_word' id='word_1_303' title='bbox 1721 2668 1956 2704; x_wconf 83' lang='lat' dir='ltr'>descriptionem</span> <span class='ocrx_word' id='word_1_304' title='bbox 1987 2668 2029 2696; x_wconf 88' lang='lat' dir='ltr'>illi</span> <span class='ocrx_word' id='word_1_305' title='bbox 2060 2667 2206 2696; x_wconf 65' lang='lat' dir='ltr'>cal-otidis</span> 
     </span>
     <span class='ocr_line' id='line_1_35' title="bbox 480 2719 1947 2759; baseline 0.001 -12"><span class='ocrx_word' id='word_1_306' title='bbox 480 2728 631 2756; x_wconf 85' lang='lat' dir='ltr'>propono,</span> <span class='ocrx_word' id='word_1_307' title='bbox 657 2728 709 2753; x_wconf 82' lang='lat' dir='ltr'>ne,</span> <span class='ocrx_word' id='word_1_308' title='bbox 732 2720 760 2747; x_wconf 90' lang='lat' dir='ltr'>in</span> <span class='ocrx_word' id='word_1_309' title='bbox 786 2720 987 2754; x_wconf 81' lang='lat' dir='ltr'>arteriarum,</span> <span class='ocrx_word' id='word_1_310' title='bbox 1013 2729 1088 2756; x_wconf 81' lang='lat' dir='ltr'>quae</span> <span class='ocrx_word' id='word_1_311' title='bbox 1113 2720 1148 2747; x_wconf 84' lang='lat' dir='ltr'>ad</span> <span class='ocrx_word' id='word_1_312' title='bbox 1172 2720 1249 2748; x_wconf 85' lang='lat' dir='ltr'>idem</span> <span class='ocrx_word' id='word_1_313' title='bbox 1275 2725 1422 2759; x_wconf 75' lang='lat' dir='ltr'>pergunt,</span> <span class='ocrx_word' id='word_1_314' title='bbox 1447 2721 1656 2758; x_wconf 82' lang='lat' dir='ltr'>expositione,</span> <span class='ocrx_word' id='word_1_315' title='bbox 1682 2720 1861 2756; x_wconf 70' lang='lat' dir='ltr'>interruptio</span> <span class='ocrx_word' id='word_1_316' title='bbox 1885 2719 1947 2750; x_wconf 79' lang='lat' dir='ltr'>siat.</span> 
     </span>
    </p>
   </div>
   <div class='ocr_carea' id='block_1_14' title="bbox 429 2809 2204 2955">
    <p class='ocr_par' dir='ltr' id='par_1_19' title="bbox 429 2809 2204 2955">
     <span class='ocr_line' id='line_1_36' title="bbox 429 2809 2204 2852; baseline 0.001 -13"><span class='ocrx_word' id='word_1_317' title='bbox 429 2809 454 2849; x_wconf 74' lang='grc' dir='ltr'>ι)</span> <span class='ocrx_word' id='word_1_318' title='bbox 479 2812 546 2850; x_wconf 82' lang='lat' dir='ltr'>Fig.</span> <span class='ocrx_word' id='word_1_319' title='bbox 569 2813 591 2841; x_wconf 88' lang='lat' dir='ltr'>l.</span> <span class='ocrx_word' id='word_1_320' title='bbox 614 2813 643 2842; x_wconf 81' lang='grc'>7.</span> <span class='ocrx_word' id='word_1_321' title='bbox 668 2829 704 2833; x_wconf 82' lang='grc'><strong>-</strong></span> <span class='ocrx_word' id='word_1_322' title='bbox 731 2810 756 2851; x_wconf 79' lang='grc'>2)</span> <span class='ocrx_word' id='word_1_323' title='bbox 781 2813 848 2850; x_wconf 74' lang='lat' dir='ltr'>rig.</span> <span class='ocrx_word' id='word_1_324' title='bbox 874 2813 897 2841; x_wconf 81' lang='lat'>1.</span> <span class='ocrx_word' id='word_1_325' title='bbox 922 2814 950 2843; x_wconf 76' lang='lat' dir='ltr'>s.</span> <span class='ocrx_word' id='word_1_326' title='bbox 975 2817 1004 2841; x_wconf 73' lang='lat' dir='ltr'>et</span> <span class='ocrx_word' id='word_1_327' title='bbox 1022 2814 1087 2851; x_wconf 71' lang='lat' dir='ltr'>rig.</span> <span class='ocrx_word' id='word_1_328' title='bbox 1113 2815 1161 2842; x_wconf 89' lang='lat'>111.</span> <span class='ocrx_word' id='word_1_329' title='bbox 1188 2814 1214 2844; x_wconf 90' lang='lat'>1.</span> <span class='ocrx_word' id='word_1_330' title='bbox 1239 2831 1277 2834; x_wconf 95' lang='lat'><strong>—</strong></span> <span class='ocrx_word' id='word_1_331' title='bbox 1300 2815 1325 2850; x_wconf 69' lang='grc'>3)</span> <span class='ocrx_word' id='word_1_332' title='bbox 1349 2814 1416 2852; x_wconf 71' lang='lat' dir='ltr'>rig.</span> <span class='ocrx_word' id='word_1_333' title='bbox 1436 2814 1487 2841; x_wconf 91' lang='lat'>111.</span> <span class='ocrx_word' id='word_1_334' title='bbox 1503 2814 1532 2844; x_wconf 78' lang='lat'>2.</span> <span class='ocrx_word' id='word_1_335' title='bbox 1555 2814 1586 2844; x_wconf 79' lang='lat'>2.</span> <span class='ocrx_word' id='word_1_336' title='bbox 1604 2830 1640 2835; x_wconf 92' lang='lat'>—</span> <span class='ocrx_word' id='word_1_337' title='bbox 1660 2812 1686 2852; x_wconf 79' lang='lat'>⁴]</span> <span class='ocrx_word' id='word_1_338' title='bbox 1706 2814 1773 2850; x_wconf 75' lang='lat' dir='ltr'>rig.</span> <span class='ocrx_word' id='word_1_339' title='bbox 1798 2814 1850 2841; x_wconf 88' lang='lat'>111.</span> <span class='ocrx_word' id='word_1_340' title='bbox 1869 2812 1900 2843; x_wconf 80' lang='lat'>3.</span> <span class='ocrx_word' id='word_1_341' title='bbox 1918 2829 1957 2833; x_wconf 93' lang='lat'>—</span> <span class='ocrx_word' id='word_1_342' title='bbox 1976 2809 2002 2850; x_wconf 77' lang='lat'>⁵)</span> <span class='ocrx_word' id='word_1_343' title='bbox 2027 2810 2204 2849; x_wconf 74' lang='lat' dir='ltr'>Fig.111.l1.</span> 
     </span>
     <span class='ocr_line' id='line_1_37' title="bbox 478 2862 2203 2904; baseline -0.001 -12"><span class='ocrx_word' id='word_1_344' title='bbox 478 2862 556 2903; x_wconf 78' lang='grc'>-·)</span> <span class='ocrx_word' id='word_1_345' title='bbox 581 2862 648 2902; x_wconf 73' lang='lat' dir='ltr'>rig.</span> <span class='ocrx_word' id='word_1_346' title='bbox 661 2865 713 2894; x_wconf 83' lang='lat'>111.</span> <span class='ocrx_word' id='word_1_347' title='bbox 736 2864 767 2894; x_wconf 87' lang='lat'>5.</span> <span class='ocrx_word' id='word_1_348' title='bbox 787 2880 825 2885; x_wconf 84' lang='lat'>—</span> <span class='ocrx_word' id='word_1_349' title='bbox 844 2862 868 2903; x_wconf 82' lang='lat'>⁷)</span> <span class='ocrx_word' id='word_1_350' title='bbox 892 2866 957 2903; x_wconf 76' lang='lat' dir='ltr'>rig,</span> <span class='ocrx_word' id='word_1_351' title='bbox 982 2865 1004 2895; x_wconf 89' lang='lat'>1.</span> <span class='ocrx_word' id='word_1_352' title='bbox 1027 2865 1056 2896; x_wconf 84' lang='lat'>3.</span> <span class='ocrx_word' id='word_1_353' title='bbox 1078 2882 1116 2886; x_wconf 90' lang='lat'>—</span> <span class='ocrx_word' id='word_1_354' title='bbox 1134 2864 1159 2904; x_wconf 74' lang='grc'>6)</span> <span class='ocrx_word' id='word_1_355' title='bbox 1182 2866 1285 2903; x_wconf 82' lang='lat' dir='ltr'>Fig.1.</span> <span class='ocrx_word' id='word_1_356' title='bbox 1299 2865 1327 2895; x_wconf 61' lang='lat'>⁷⁴.</span> <span class='ocrx_word' id='word_1_357' title='bbox 1351 2882 1390 2886; x_wconf 95' lang='lat'><strong>—</strong></span> <span class='ocrx_word' id='word_1_358' title='bbox 1415 2867 1458 2900; x_wconf 71' lang='grc' dir='ltr'>κ»)</span> <span class='ocrx_word' id='word_1_359' title='bbox 1483 2866 1550 2903; x_wconf 79' lang='lat' dir='ltr'>Fig.</span> <span class='ocrx_word' id='word_1_360' title='bbox 1574 2865 1614 2895; x_wconf 86' lang='lat' dir='ltr'>V.</span> <span class='ocrx_word' id='word_1_361' title='bbox 1639 2866 1668 2896; x_wconf 85' lang='lat'>5.</span> <span class='ocrx_word' id='word_1_362' title='bbox 1692 2865 1721 2896; x_wconf 88' lang='lat'>5.</span> <span class='ocrx_word' id='word_1_363' title='bbox 1745 2865 1774 2895; x_wconf 86' lang='lat'>5.</span> <span class='ocrx_word' id='word_1_364' title='bbox 1785 2865 1852 2901; x_wconf 80' lang='lat' dir='ltr'>Fig.</span> <span class='ocrx_word' id='word_1_365' title='bbox 1863 2864 1918 2895; x_wconf 70' lang='lat' dir='ltr'>vl.</span> <span class='ocrx_word' id='word_1_366' title='bbox 1943 2864 1971 2894; x_wconf 87' lang='lat'>1.</span> <span class='ocrx_word' id='word_1_367' title='bbox 1995 2868 2023 2891; x_wconf 76' lang='lat' dir='ltr'>et</span> <span class='ocrx_word' id='word_1_368' title='bbox 2046 2864 2111 2901; x_wconf 73' lang='lat' dir='ltr'>rig.</span> <span class='ocrx_word' id='word_1_369' title='bbox 2135 2863 2203 2890; x_wconf 74' lang='lat' dir='ltr'>vn.</span> 
     </span>
     <span class='ocr_line' id='line_1_38' title="bbox 480 2914 1519 2955; baseline -0.001 -9"><span class='ocrx_word' id='word_1_370' title='bbox 480 2917 506 2946; x_wconf 93' lang='lat'>1.</span> <span class='ocrx_word' id='word_1_371' title='bbox 532 2917 560 2946; x_wconf 89' lang='lat'>1.</span> <span class='ocrx_word' id='word_1_372' title='bbox 586 2932 621 2937; x_wconf 84' lang='lat'><em>-</em></span> <span class='ocrx_word' id='word_1_373' title='bbox 648 2914 687 2955; x_wconf 65' lang='lat'>¹³)</span> <span class='ocrx_word' id='word_1_374' title='bbox 712 2917 778 2954; x_wconf 72' lang='lat' dir='ltr'>rig.</span> <span class='ocrx_word' id='word_1_375' title='bbox 804 2916 843 2946; x_wconf 82' lang='lat' dir='ltr'>V.</span> <span class='ocrx_word' id='word_1_376' title='bbox 869 2917 899 2947; x_wconf 78' lang='lat'>7.</span> <span class='ocrx_word' id='word_1_377' title='bbox 924 2917 951 2947; x_wconf 77' lang='lat'>7.</span> <span class='ocrx_word' id='word_1_378' title='bbox 976 2918 1041 2955; x_wconf 79' lang='lat' dir='ltr'>Fig.</span> <span class='ocrx_word' id='word_1_379' title='bbox 1067 2915 1118 2946; x_wconf 72' lang='lat' dir='ltr'>Vt.</span> <span class='ocrx_word' id='word_1_380' title='bbox 1142 2918 1173 2949; x_wconf 80' lang='lat'>8.</span> <span class='ocrx_word' id='word_1_381' title='bbox 1199 2918 1228 2949; x_wconf 77' lang='lat'>8.</span> <span class='ocrx_word' id='word_1_382' title='bbox 1253 2915 1322 2955; x_wconf 74' lang='lat' dir='ltr'>rig.</span> <span class='ocrx_word' id='word_1_383' title='bbox 1347 2919 1415 2946; x_wconf 68' lang='lat' dir='ltr'>vn.</span> <span class='ocrx_word' id='word_1_384' title='bbox 1439 2917 1467 2948; x_wconf 60' lang='lat'>²⁴.</span> <span class='ocrx_word' id='word_1_385' title='bbox 1492 2918 1519 2948; x_wconf 65' lang='grc' dir='ltr'>ει.</span> 
     </span>
    </p>
   </div>
  </div>
 </body>
</html>
