2559 3609
1162 460 1473 496 -—26—-

407 556 517 585 cavo,
550 549 790 593 posteaquam
823 538 1003 576 medullae
1029 538 1252 589 oblongatae
1279 537 1414 576 exilem
1440 541 1627 576 arteriam
1651 540 1841 585 spinalem
1864 540 2068 575 lateralem
2087 536 2123 590 ¹)
2152 539 2227 575 lar-

406 599 510 651 gitus
543 607 618 644 est,
645 612 726 635 cum
752 597 817 634 illo
845 595 998 633 alterius
1033 595 1160 633 lateris
1186 596 1224 632 in
1251 598 1437 634 arteriam
1462 598 1662 643 myelicam
1688 594 1924 639 conciliatur,
1952 594 2091 646 hocque
2118 603 2225 646 pacto

407 656 453 694 ad
470 656 654 706 originem
677 657 849 692 arteriae
875 655 1059 691 basilaris
1082 651 1424 704 supradescriptae‚
1450 651 1602 689 confert.

941 749 987 815 ξ.
1025 749 1074 800 9.
1115 746 1331 799 Carotis
1378 747 1593 799 interna
1630 748 1692 814 ²).

511 850 673 888 Carotis
704 853 856 886 interna
872 849 915 895 ³),
946 846 1079 897 quippe
1102 859 1195 897 quae
1221 844 1410 895 encephali
1438 845 1483 883 ad
1504 845 1741 883 nutritionem
1763 859 1833 882 una
1857 859 1939 882 cum
1961 850 2110 884 arteria
2130 861 2229 895 mye-

407 912 484 946 lica
510 913 724 949 concurrat,
752 905 933 956 hujusque
960 902 1154 940 auxiliaria
1173 902 1341 940 habenda
1358 910 1415 940 est
1434 905 1478 951 ²¹).

455 1007 481 1047 2)
506 1009 638 1037 Canales
654 1008 825 1036 caroticu&
849 1005 947 1042 Quum
970 1004 1050 1033 hunc
1073 1006 1220 1041 canalem,
1243 1005 1272 1032 ni
1295 1005 1385 1033 fallor
1408 1004 1504 1033 adhuc
1527 1005 1675 1041 temporis
1698 1005 1845 1041 ignotum,
1870 1013 1927 1041 quo
1950 1005 2070 1032 facilius
2088 1005 2232 1033 carotidis

509 1061 644 1088 internae
655 1057 805 1086 decursus
823 1056 1024 1089 describatur,
1046 1066 1138 1084 nosse
1161 1060 1312 1093 oporteat,
1336 1053 1409 1084 mihi
1432 1065 1471 1083 ex
1494 1065 1527 1083 re
1551 1065 1621 1083 esse
1645 1055 1773 1088 videtur,
1797 1054 1873 1083 hanc
1888 1055 1954 1090 ejus
1973 1056 2143 1084 icunculam
2164 1065 2232 1083 exa-

509 1120 591 1140 rare.
608 1126 650 1131 -
672 1111 726 1137 Est
749 1113 849 1137 autem
873 1109 985 1137 canalis
1008 1108 1355 1141 osseo-membranosus,
1370 1108 1399 1135 in
1413 1108 1540 1144 regione
1563 1107 1682 1134 laterali
1706 1107 1788 1134 basis
1811 1107 1907 1134 cranii
1931 1108 2020 1139 situs,
2033 1107 2119 1143 cujus
2143 1108 2232 1135 inca-

508 1172 578 1191 vum
598 1166 747 1199 penetrat,
769 1165 927 1198 postquam
948 1160 1022 1188 duas
1046 1163 1240 1192 curvaturas,
1251 1159 1377 1186 alteram
1401 1159 1519 1186 scilicet
1535 1160 1783 1192 lzorz'zoncalem,
1807 1158 1934 1186 alteram
1957 1167 2030 1186 vero
2054 1160 2235 1188 verticalem

510 1214 681 1250 complevit.
699 1229 738 1233 —
754 1212 828 1248 Ejus
847 1212 950 1249 paries
974 1212 1112 1239 internus
1131 1220 1251 1244 osseus,
1269 1215 1413 1237 externus
1435 1219 1507 1237 vero
1532 1210 1762 1237 membranosus
1786 1214 1852 1242 est,
1872 1210 1923 1237 illo
1947 1214 2062 1237 tantum
2085 1211 2233 1238 decursus

511 1265 608 1302 spatio
632 1268 772 1300 excepto,
797 1260 846 1291 ubi
870 1263 967 1299 prima
991 1262 1075 1289 adest
1099 1266 1281 1293 curvatura,
1306 1270 1363 1297 qno
1388 1261 1416 1288 in
1441 1261 1524 1294 loco,
1549 1261 1657 1297 qnippe
1681 1270 1771 1297 quum
1796 1260 1892 1288 dictus
1916 1261 2030 1288 canalis
2053 1261 2082 1288 in
2106 1270 2233 1297 corpore

512 1317 593 1345 ossis
617 1315 791 1352 sphenoidei
824 1323 857 1342 se
881 1315 1003 1346 condat,
1027 1314 1130 1350 paries
1155 1317 1234 1340 totus
1258 1313 1389 1348 undique
1413 1321 1522 1339 osseus
1546 1312 1654 1340 evadit.
1678 1328 1717 1332 —
1740 1311 1882 1347 Ejusdem
1906 1313 2024 1339 initium
2048 1321 2062 1339 e
2085 1311 2230 1348 profunda

509 1368 597 1394 fovea
626 1366 786 1402 temporali
809 1366 993 1401 profectum,
1014 1374 1030 1392 a
1053 1364 1200 1392 foramine
1222 1363 1348 1400 quodam
1373 1363 1601 1391 membranosae
1614 1363 1678 1391 alae
1702 1372 1828 1401 magnae
1853 1363 2052 1400 sphenoideae
2077 1363 2231 1400 procedit.

510 1418 619 1445 ibidem
644 1418 714 1450 sito,
738 1416 788 1444 0111
811 1416 915 1444 eadem
939 1425 1007 1444 cum
1031 1424 1197 1452 processus
1220 1414 1435 1443 descendentis
1460 1415 1541 1442 ossis
1562 1415 1677 1451 petrosi
1701 1415 1817 1452 origine
1841 1415 2013 1442 conseritur
2029 1413 2071 1452 ἣ.
2093 1430 2133 1434 ——
2156 1416 2232 1442 Pro-

512 1477 624 1497 cessus
645 1473 745 1496 autem
768 1468 994 1496 descendentis
1008 1467 1140 1500 nomine,
1162 1467 1299 1494 conicum
1322 1466 1478 1502 quemdam
1495 1466 1577 1493 ossis
1597 1467 1712 1502 petrosi
1736 1474 1926 1502 processum,
1944 1466 1993 1502 qui
2017 1470 2190 1493 antrorsum
2205 1469 2235 1492 et

511 1521 682 1549 introrsum
706 1520 741 1548 ad
765 1520 860 1549 cranii
879 1519 977 1547 basim
1000 1518 1174 1551 descendit,
1191 1517 1337 1554 cujusque
1355 1526 1460 1554 margo
1484 1518 1594 1555 longus
1613 1518 1741 1545 inferior
1759 1525 1826 1545 00111
1849 1518 1896 1545 ala
1918 1517 2035 1544 minore
2059 1525 2113 1544 seu
2136 1520 2235 1552 poste-

512 1573 595 1600 riore
619 1571 817 1610 sphenofflea,
840 1571 1018 1598 extremitas
1036 1579 1109 1597 vero
1135 1578 1202 1597 cum
1220 1578 1352 1605 corpore
1372 1570 1453 1596 ossis
1477 1566 1653 1605 sphenoidei
1678 1569 1883 1605 conjungitur,
1908 1569 2059 1605 insignire
2081 1568 2235 1596 velim.—

511 1625 627 1656 Extus,
658 1623 778 1655 ibidem,
801 1622 851 1649 ubi
868 1621 941 1649 illud
964 1621 1135 1649 notavimus
1158 1621 1310 1656 foramen,
1335 1621 1438 1648 sulcus
1463 1621 1600 1658 quidam,
1624 1620 1701 1647 linea
1725 1620 1776 1647 illa
1798 1623 1961 1651 exaratus,
1986 1628 2044 1656 qua
2067 1627 2234 1656 processus

512 1674 699 1702 descendens
724 1674 805 1701 ossis
829 1674 946 1709 petrosi
969 1682 1036 1700 cum
1056 1673 1102 1700 ala
1125 1672 1234 1700 minori
1258 1682 1312 1700 seu
1336 1673 1506 1708 posteriore
1522 1671 1705 1708 sphenoidea
1724 1671 1880 1704 coalescit,
1898 1671 2049 1708 originem
2072 1671 2234 1707 ducit:qui

513 1734 584 1754 cum
607 1725 643 1753 ab
673 1725 720 1753 ala
744 1734 853 1762 magna
883 1723 1071 1761 sphenoidea
1095 1724 1275 1759 obtegatur,
1300 1723 1328 1750 111
1353 1724 1487 1751 canalem
1512 1732 1605 1760 usque
1629 1723 1664 1749 ad
1688 1723 1834 1759 parietem
1862 1723 2065 1758 posteriorem
2095 1722 2234 1758 corporis

514 1777 691 1814 sphenoidei
710 1776 954 1809 descendentem,
979 1776 1153 1804 necessario
1174 1775 1419 1804 transformatur.
1442 1775 1561 1810 -11150
1586 1774 1709 1806 canalis,
1723 1773 1867 1801 hactenus
1888 1773 2233 1803 osseo-membranosus‚

512 1830 591 1856 inter
611 1838 722 1865 corpus
741 1828 821 1856 ossis
834 1827 1012 1864 sphenoidei
1026 1828 1067 1855 ita
1083 1827 1224 1854 deorsum
1237 1831 1266 1854 et
1283 1827 1449 1853 introrsum
1465 1825 1598 1853 directus
1615 1825 1820 1863 progreditur,
1836 1829 1868 1852 ut
1891 1824 1958 1852 inde
1978 1826 2082 1860 prima
2101 1824 2235 1859 ejusdem

513 1884 688 1908 curvatura
711 1888 766 1907 500
787 1887 899 1916 ossea,
917 1887 970 1905 seu
998 1879 1205 1905 horizonlale's
1234 1877 1393 1905 efficiatur.
1440 1893 1477 1897 —
1503 1878 1534 1903 111
1559 1877 1719 1913 superficie
1746 1877 1892 1905 anteriori
1916 1881 2075 1912 praeterea
2097 1876 2235 1912 corporis

515 1932 597 1959 ossis
616 1930 803 1967 sphenoidei‚
825 1930 880 1958 duo
904 1934 1005 1966 patent
1028 1929 1193 1961 foramina,
1219 1938 1347 1965 quorum
1371 1928 1499 1955 inferius
1523 1928 1637 1955 canalis
1660 1928 1807 1956 hactenus
1830 1928 1974 1965 descripti
1998 1928 2086 1955 finem
2110 1936 2163 1955 nec
2180 1936 2235 1954 11011

514 1979 629 2018 primae
653 1986 835 2009 curvaturae
859 1981 1039 2014 terminum,
1064 1980 1206 2016 superius
1230 1988 1322 2011 vero,
1347 1979 1423 2015 quod
1443 1979 1598 2013 foramen
1615 1982 1787 2007 camacum
1817 1980 1916 2011 audit,
1941 1988 2031 2016 quum
2053 1979 2150 2006 basim
2173 1987 2237 2007 cra-

515 2034 568 2067 nii,
591 2033 626 2061 ad
650 2034 730 2060 latus
754 2033 849 2060 sellae
873 2033 1008 2060 turcicae
1031 2037 1061 2060 et
1084 2040 1159 2067 pone
1184 2031 1319 2063 eandem,
1342 2030 1487 2066 perforet,
1511 2031 1671 2058 terminum
1696 2030 1844 2058 secundae
1867 2034 2047 2058 curvaturae
2072 2030 2236 2066 eodemque

514 2085 601 2113 modo
625 2085 739 2112 canalis
761 2084 886 2112 carotici
903 2084 1059 2111 introitum
1083 2083 1112 2109 in
1137 2082 1271 2110 cranium
1295 2081 1451 2109 constituit
1468 2079 1530 2120 **).
1554 2098 1592 2102 ..„
1616 2082 1727 2109 Eadem
1750 2082 1877 2119 denique
1901 2082 2079 2118 superficies
2104 2081 2237 2109 anterior

514 2136 654 2172 corporis
679 2136 760 2163 ossis
784 2135 979 2172 sphenoidei‚
1010 2135 1059 2162 ubi
1083 2133 1140 2161 duo
1165 2142 1257 2169 supra
1282 2133 1433 2168 descripta
1463 2133 1613 2161 foramina
1637 2134 1744 2161 adesse
1767 2134 1870 2168 dixi‚a
1894 2133 2067 2161 membrana
2090 2132 2236 2169 quadam,

516 2197 592 2226 quae
616 2188 716 2223 pontis
740 2187 775 2214 ad
800 2188 897 2214 instar
920 2195 1011 2222 super
1034 2186 1131 2221 ipsam
1155 2185 1326 2220 trajicitur,
1362 2184 1498 2216 obtecta,
1528 2185 1606 2212 hanc
1630 2184 1666 2211 ob
1690 2194 1753 2212 rem
1777 2192 1906 2212 vacuum
1930 2182 2078 2220 quoddam
2102 2183 2237 2210 intuetur

517 2240 663 2276 spatium,
697 2238 774 2275 quod
801 2238 934 2265 canalem
966 2237 1071 2274 quasi,
1100 2236 1288 2264 verticaliter
1316 2235 1478 2267 directum,
1510 2239 1539 2262 et
1567 2243 1635 2262 cum
1673 2232 1770 2270 prima
1808 2239 1971 2262 curvatura
2002 2234 2113 2269 angulo
2148 2236 2236 2260 acuto

516 2292 692 2323 cozunten„
716 2289 826 2327 efficit,
844 2289 968 2325 ideoque
992 2290 1167 2316 secandam
1184 2290 1388 2315 curvaturam
1410 2287 1594 2314 verticalem
1609 2295 1663 2313 seu
1683 2287 2047 2313 osseo-membranosam
2070 2285 2236 2313 constituit.

517 2342 603 2377 cujus
627 2350 680 2378 0110
700 2341 814 2369 canalis
836 2341 999 2374 caroticus,
1024 2339 1168 2367 hactenus
1188 2339 1370 2374 descriptus,
1395 2347 1448 2374 per
1471 2338 1606 2366 foramen
1631 2337 1797 2365 caroticum
1813 2337 1908 2364 cranii
1931 2336 2102 2374 ingreditur
2120 2344 2236 2363 cavum.

457 2393 483 2433 ⁴)
506 2394 629 2422 Haecce
653 2394 787 2421 carolidz'
810 2393 956 2420 internae
982 2387 1113 2419 hominis
1140 2391 1214 2417 mire
1246 2390 1412 2417 conformis
1436 2394 1502 2422 est,
1531 2398 1598 2417 cum
1624 2390 1652 2419 1.
1676 2389 1765 2426 origo
1789 2388 1853 2423 ejus
1877 2397 1979 2424 parem
2003 2389 2095 2416 situm
2118 2387 2237 2424 habeat,

518 2446 547 2475 2.
579 2454 647 2474 cum
679 2450 765 2473 extra
794 2452 900 2472 cavum
935 2444 1050 2477 cranii,
1081 2447 1169 2479 atque
1202 2442 1231 2469 in
1263 2442 1359 2470 canali
1393 2441 1479 2477 privo
1512 2441 1531 2470 i.
1560 2449 1585 2468 e.
1616 2441 1770 2472 carotico‚
1802 2444 1850 2467 sat
1882 2439 2004 2476 longum
2042 2439 2133 2467 faciat
2163 2439 2236 2473 iter,

457 2517 487 2555 *J
511 2518 578 2547 Hoc
594 2519 752 2555 parvulum
769 2518 904 2545 foramen
924 2526 941 2544 a
960 2516 1077 2543 nemine
1100 2515 1251 2551 scriptore
1278 2513 1445 2541 adhucdum
1466 2516 1733 2541 commemoratum
1761 2512 1857 2539 fuisse
1886 2511 2005 2547 reperi,
2029 2514 2234 2538 verumtamen

517 2571 617 2598 simile
634 2569 784 2606 quidpiam
797 2570 825 2596 in
839 2569 938 2605 figura
951 2567 1076 2605 quadam
1092 2567 1212 2594 iconum
1228 2565 1465 2592 zootomicarum
1477 2564 1551 2593 clar.
1576 2563 1609 2591 B.
1628 2564 1725 2600 Wag
1737 2572 1752 2590 n
1764 2572 1779 2590 e
1791 2563 1823 2590 ri
1842 2561 1943 2589 videre
1961 2562 2041 2590 licet.
2065 2562 2140 2589 Tab⁴
2156 2562 2235 2589 Xlll.

517 2623 586 2658 Fig.
610 2621 693 2649 XVI.
717 2621 752 2649 A.

408 2706 411 2708 ,
459 2670 510 2706 **)
533 2672 668 2707 Hnjusce
685 2671 862 2706 foraminis,
887 2670 964 2707 quod
982 2669 1117 2706 pluribus
1136 2669 1164 2695 in
1193 2668 1305 2695 sauriis
1325 2672 1354 2695 et
1382 2666 1582 2695 testudinibus
1603 2666 1720 2700 inveni,
1745 2666 1773 2693 111
1791 2666 1969 2693 zootomicis
1985 2665 2072 2693 libris
2091 2665 2233 2692 indicium

518 2724 635 2752 frustra
658 2723 813 2760 quaesivi,
837 2723 943 2751 forsan
969 2726 1067 2749 tamen
1098 2720 1170 2748 illud
1196 2724 1261 2752 est,
1285 2719 1319 2746 de
1346 2727 1404 2755 quo
1430 2718 1576 2746 Cuvier
1608 2718 1875 2749 commemoravit,
1905 2725 1974 2745 cum
2003 2717 2175 2744 saut-iorum
2200 2725 2234 2743 os

519 2773 737 2812 sphenoideum
753 2778 976 2810 perscrutatur:
1001 2772 1108 2800 ibidem
1127 2775 1230 2808 utputa
1250 2771 1379 2808 legitur,
1403 2778 1447 2798 un
1474 2774 1547 2798 [roa
1562 2768 1659 2805 perce'
1679 2777 1736 2797 sur
1756 2770 1785 2797 le
1804 2766 1874 2797 σόίέ
1896 2771 1939 2796 du
1962 2765 2136 2803 sphe'noide
2159 2776 2232 2796 con-

519 2827 589 2854 duic
604 2828 687 2854 dans
709 2827 740 2853 la
751 2826 845 2859 fosse
858 2826 1034 2861 pituilaire.
1057 2825 1076 2853 l.
1095 2832 1122 2853 c.

467 2899 495 2935 τ)
517 2899 585 2935 Fig.
616 2897 654 2927 v,
682 2898 710 2927 8.
733 2898 762 2927 8.
785 2897 852 2935 rig.
881 2897 934 2924 vl.
957 2896 986 2926 9.
1010 2895 1163 2933 Fig,V11.
1184 2895 1215 2924 5.
1239 2895 1269 2924 5.
1320 2891 1344 2931 ³)
1369 2894 1433 2931 Fig.
1466 2892 1519 2920 vl.
1555 2891 1602 2922 11.
1628 2892 1694 2928 Fig.
1718 2891 1785 2920 v11.
1809 2891 1837 2921 8.
1860 2891 1889 2921 8.
1914 2895 1971 2919 etc.
