2559 3609
1094 473 1403 507 *39—

342 565 484 596 ramos,
512 565 667 602 quorum
687 550 852 586 nonnulli
880 550 974 586 inter
1000 564 1039 586 se
1067 554 1218 594 coe'unt,
1252 564 1378 586 omnes
1404 564 1491 586 xero
1517 550 1619 588 valde
1641 552 1845 588 flexuosum
1871 565 1912 588 ac
1933 552 2016 603 plus
2040 553 2158 590 minus

344 608 497 658 longum
524 615 609 658 post
644 606 733 650 iter,
768 605 982 656 glandulam
1013 605 1145 643 adeunt
1188 607 1485 658 suprarenalem,
1520 607 1721 645 discedunt.
1757 609 1800 645 In
1834 621 1934 645 mare
1967 618 2161 660 praeterea

343 679 451 702 unam
477 671 617 702 tantum
644 666 831 701 arteriam
861 666 1133 710 spermaticam
1164 663 1304 708 inveni,
1332 677 1424 716 quae
1452 678 1532 701 cnm
1558 664 1719 701 secunda
1754 665 1930 717 quadam,
1966 665 2160 703 admodum

342 721 492 772 gracili,
519 720 744 765 consociata,
771 720 803 756 si
836 720 1108 757 subdivisiones
1136 728 1171 757 et
1207 728 1350 758 mutuas
1390 720 1486 758 inter
1511 736 1551 758 se
1578 729 1853 766 anastomoses,
1881 737 1972 774 quae
1995 738 2067 760 non
2085 732 2159 761 tam

343 778 552 829 frequentes
587 784 690 822 sunt,
728 777 936 829 exceperis,
974 777 1093 829 quoad
1131 778 1307 815 decursus
1346 777 1589 816 conditionem
1623 778 1667 815 ab
1710 778 1785 815 illis
1820 779 1974 817 feminae
2012 781 2159 818 minime

343 834 464 872 differt
484 838 526 884 ¹).

444 893 693 943 Posteaquam
719 891 834 942 igitur
868 891 1044 935 arteriae,
1079 891 1121 930 de
1149 893 1279 944 quibus
1314 907 1455 937 sermo,
1489 892 1700 943 glandulam
1727 893 2005 944 suprarenalem
2033 901 2160 931 nactae

342 957 439 994 sunt,
466 963 537 986 uno
566 949 622 985 vel
642 947 783 985 duobus
802 948 955 985 ramulis
982 949 1158 999 exceptis,
1181 949 1241 1001 qui
1257 950 1302 986 ad
1320 950 1485 986 ovarinm
1498 951 1555 987 vel
1574 950 1617 987 ad
1636 949 1847 987 testiculum
1866 958 2041 1002 pergunt,
2058 950 2158 988 ideo-

343 1020 413 1058 que
439 1021 534 1043 vasa
558 1009 724 1054 propria
744 1009 869 1042 orarii
888 1019 953 1042 seu
980 1008 1122 1053 dydimi
1138 1006 1338 1057 nuncupari
1358 1015 1605 1051 mererentur,
1633 1007 1748 1058 ipsius
1776 1007 1813 1044 in
1838 1008 2082 1057 parenchyma
2098 1022 2159 1059 pe-

343 1071 506 1108 netrant,
542 1076 612 1114 quo
648 1061 762 1106 facto,
797 1076 815 1098 e
847 1061 1045 1111 glandulae
1071 1062 1255 1112 margine,
1290 1063 1362 1109 illi,
1388 1078 1454 1115 per
1481 1078 1587 1114 quem
1614 1064 1809 1115 ingressae
1843 1072 1948 1110 sunt,
1981 1065 2160 1117 oppositO,

343 1120 593 1170 egrediuntur,
622 1133 663 1156 ac
689 1119 724 1155 in
751 1119 1000 1170 propinguum
1026 1118 1237 1156 testiculum
1264 1134 1330 1157 seu
1357 1120 1522 1157 ovariuin
1548 1129 1752 1160 transeunt.

444 1177 606 1214 Eaedem
627 1176 795 1221 arteriae,
822 1175 905 1212 dum
933 1175 1027 1212 intra
1045 1175 1241 1225 glandulae
1255 1177 1509 1228 suprarenalis
1536 1178 1781 1227 parenchyma
1806 1178 2042 1223 delitescunt,
2070 1180 2160 1216 mul-

342 1235 390 1272 tis
418 1234 652 1276 anfractibus,
679 1233 739 1285 qui
765 1232 938 1284 penitiori
965 1232 1080 1283 ipsius
1109 1232 1268 1271 fabricae
1289 1234 1310 1271 i.
1332 1248 1360 1271 e.
1384 1234 1520 1271 tubulis
1547 1234 1601 1271 sic
1619 1234 1727 1271 dictis
1747 1234 2027 1284 glandularibus
2039 1233 2160 1287 (Drii-

340 1291 602 1329 senschlauche
624 1291 818 1338 Eckeri)
841 1290 1004 1340 contigui
1025 1298 1122 1334 sunt,
1143 1290 1347 1334 sinuantur,
1376 1290 1564 1342 eidemque
1590 1291 1752 1341 graciles
1783 1289 1978 1328 nonnullos
1998 1292 2160 1328 ramulos

341 1350 545 1387 nutrientes
571 1348 791 1393 concedunt3
819 1362 889 1399 qno
926 1348 1043 1392 sacto,
1075 1362 1212 1399 paucae
1245 1347 1442 1385 earundem
1468 1347 1695 1391 subdivisae,
1722 1348 1920 1400 pleraeque
1952 1361 2039 1385 vero
2067 1347 2161 1385 indi-

340 1407 463 1452 visae,
492 1414 569 1444 toto
597 1406 673 1443 fere
701 1420 719 1442 e
746 1405 1049 1457 parenchymate,
1078 1404 1130 1442 uti
1156 1419 1269 1456 supra
1295 1412 1618 1442 commemoratum
1638 1405 1721 1448 fuit,
1750 1405 1938 1456 effugiunt.

487 1467 518 1500 5.
548 1466 729 1509 Qaataor
755 1466 881 1500 adhuc
903 1467 1074 1500 arteriae
1091 1466 1365 1501 incercostales
1384 1466 1414 1510 ²)
1444 1469 1599 1513 utroque
1620 1461 1658 1498 in
1678 1461 1803 1498 latere.

490 1524 521 1557 6.
547 1523 730 1558 Arleriae
757 1524 913 1558 remotes
941 1534 1006 1556 seu
1025 1523 1256 1568 entalyemes
1277 1518 1313 1572 3)
1342 1533 1453 1571 quae,
1471 1519 1571 1555 renis
1591 1518 1706 1555 hilum
1731 1526 1878 1563 nactae,
1904 1518 1941 1555 in
1968 1518 2095 1556 eodem
2123 1520 2159 1556 in

339 1593 490 1617 ramum
517 1582 777 1626 superiorem,
810 1585 845 1614 et
871 1577 907 1614 in
941 1591 1091 1614 ramam
1117 1580 1345 1626 inferiorem
1370 1576 1581 1619 discedunt,
1616 1589 1769 1627 quorum
1795 1575 1898 1627 prior
1924 1589 1964 1612 se
1990 1576 2027 1612 in
2054 1590 2161 1627 supe-

339 1637 441 1673 riore
467 1635 568 1673 renis
595 1642 699 1686 parte
735 1633 845 1679 abdit,
872 1633 1053 1670 secundus
1081 1648 1186 1678 vero,
1213 1640 1330 1671 totum
1349 1633 1432 1670 dum
1460 1633 1552 1684 legit
1579 1632 1710 1677 hilum,
1736 1632 1870 1669 ibidem
1897 1632 2160 1679 subdividitur,

340 1694 594 1744 ramulumque
624 1691 816 1743 quemdam
845 1691 1094 1742 gracillimum
1127 1691 1223 1728 inter
1248 1691 1451 1742 peritonaei
1482 1690 1637 1742 paginas
1665 1690 1938 1734 decurrentem,
1967 1690 2010 1728 ad
2036 1691 2160 1729 tubam

341 1750 459 1788 ovarii
478 1750 598 1787 mittit.

486 1868 528 1933 ξ.
574 1866 651 1918 18.
691 1864 914 1933 Arteria
950 1864 1108 1916 iliaca
1145 1864 1359 1915 interna
1396 1882 1493 1915 seu
1531 1863 1923 1934 hypogastrica
1961 1866 2022 1931 ²).

445 1976 607 2011 Arteria
634 1975 751 2009 iliaca
778 1975 930 2010 interna
957 1968 993 2023 ⁵)
1032 1985 1123 2023 quae
1157 1970 1380 2022 corporibus
1418 1969 1580 2022 adiposis
1616 1969 1780 2023 (luteis),
1820 1971 1965 2021 regioni
1999 1971 2159 2016 lumbali,

344 2030 549 2082 parietibus
575 2029 736 2081 pelvicis.
764 2036 799 2066 et
827 2043 871 2065 ex
897 2036 1001 2080 parte
1020 2028 1311 2065 abdominalibus
1339 2040 1492 2079 quoque,
1519 2028 1660 2079 cotyles
1683 2035 1875 2079 praeterea
1901 2028 2160 2074 articulationi,

346 2096 382 2124 et
418 2087 593 2124 musculis
630 2086 783 2137 denique
810 2086 986 2136 parietem
1013 2085 1192 2136 pelvicnm
1220 2093 1428 2128 externum,
1456 2099 1522 2122 nec
1548 2099 1621 2121 non
1647 2085 1867 2122 anteriorem
1896 2093 2083 2122 externam
2107 2085 2159 2122 se·
2207 2115 2212 2119 .

345 2145 459 2181 moris
486 2152 626 2195 partem
655 2143 938 2187 obducentibus,
972 2143 1167 2193 adsignata
1192 2150 1267 2185 est,
1300 2142 1368 2178 sub
1404 2142 1530 2179 ultima
1564 2142 1733 2180 vertebra
1761 2142 1898 2179 dorsali
1926 2150 2022 2185 orta,
2051 2149 2159 2194 atque

394 2296 418 2334 ¹)
443 2295 560 2324 Harum
581 2297 763 2324 arteriarum
787 2297 860 2329 iter,
883 2300 929 2326 sat
946 2298 1070 2334 longum
1090 2305 1216 2323 necnon
1235 2297 1263 2323 in
1281 2296 1450 2324 abdominis
1464 2305 1537 2324 cavo
1550 2297 1643 2324 libere
1661 2297 1787 2329 factum,
1809 2296 1919 2328 eflicit,
1946 2301 1976 2323 ut
1994 2296 2028 2323 de
2051 2305 2157 2324 earun-

446 2348 512 2375 dem
529 2356 597 2376 cum
615 2348 674 2374 illis
694 2348 824 2375 hominis
843 2349 985 2385 analogia
1003 2348 1079 2375 haud
1101 2347 1213 2384 ambigi
1228 2347 1335 2384 possit.

396 2398 423 2438 ⁴)
447 2399 551 2433 Hanc,
575 2400 716 2427 arteriae
736 2401 848 2427 iliacae
871 2401 1019 2427 internae
1041 2399 1171 2426 hominis
1193 2399 1377 2426 conformem
1400 2398 1510 2432 habeo,
1535 2408 1625 2436 quum
1654 2399 1684 2428 1⁰
1708 2400 1785 2426 rami
1809 2407 1883 2435 quos
1910 2399 2050 2435 praehet,
2073 2402 2158 2427 arte-

444 2453 495 2479 ria
516 2450 722 2485 circumstat-a
750 2450 888 2485 femoris
911 2455 1062 2482 ‹ea-terna,
1086 2455 1115 2478 et
1128 2452 1249 2478 arteria
1268 2452 1460 2485 epiyaslrz'ca
1476 2453 1589 2478 tantum
1610 2451 1747 2487 exceptis
1757 2471 1767 2488 ,
1793 2450 1853 2477 illis
1868 2459 1906 2477 ex
1922 2451 2016 2478 iliaca
2032 2453 2160 2478 interna

444 2502 576 2531 hominis
595 2503 688 2535 ortis,
712 2502 987 2539 correspondeant;
1012 2504 1060 2529 vel
1082 2502 1181 2538 potius
1201 2504 1324 2531 arteria
1348 2503 1540 2539 epiyastrica
1561 2502 1627 2529 sola
1649 2506 1792 2538 excepta,
1816 2502 1955 2538 quoniam
1976 2503 2059 2538 prior
2082 2503 2101 2531 i.
2132 2511 2158 2529 e.

445 2555 652 2589 circumflexa
671 2554 807 2588 femoris
830 2558 983 2587 externa,
1004 2554 1099 2591 quoad
1125 2554 1275 2591 originem
1299 2555 1439 2581 arteriae
1464 2554 1592 2589 ylzcteae
1609 2554 1766 2588 superiori
1788 2552 1919 2580 hominis
1938 2553 2065 2590 analoga
2089 2562 2158 2580 eva-

444 2605 500 2637 dit;
522 2606 556 2635 2⁰
572 2614 661 2641 quum
685 2606 772 2638 rami,
796 2606 824 2633 in
849 2615 923 2642 quos
947 2606 1086 2637 discedit,
1104 2614 1211 2633 cavum
1235 2604 1420 2632 abdominale
1444 2613 1503 2632 non
1526 2604 1677 2637 deserant,
1701 2604 1874 2640 supradicta
1893 2606 2014 2632 arteria
2028 2606 2159 2632 circam-

441 2656 532 2691 fleaea
552 2656 688 2689 femoris
711 2661 849 2685 eoeterna
879 2662 1020 2692 excepta,
1044 2665 1119 2692 quae
1144 2656 1275 2683 hominis
1296 2655 1425 2691 yluteae
1452 2657 1600 2693 analoga,
1622 2660 1651 2682 et
1674 2656 1787 2691 pariter
1808 2663 1842 2682 ac
1858 2655 1909 2682 illa
1930 2664 1967 2682 ex
1990 2657 2085 2684 iliaca
2108 2658 2159 2683 in-

445 2711 538 2735 terna
570 2707 709 2741 oriunda,
734 2709 798 2744 pari
822 2717 938 2745 quoque
967 2717 999 2735 se
1025 2708 1112 2736 habet
1137 2709 1271 2739 ratione;
1295 2707 1330 2737 3⁰
1351 2716 1441 2744 quum
1464 2708 1590 2744 denique
1614 2708 1643 2735 in
1666 2716 1740 2736 cavo
1768 2707 1949 2736 abdominali
1979 2715 2159 2737 remanens,

443 2759 656 2795 consequentis
680 2760 794 2787 iliacae·
825 2764 999 2792 aeternae,
1025 2768 1099 2795 quae
1123 2764 1299 2788 extrorsum
1324 2759 1547 2796 proficiscitur,
1577 2759 1752 2787 antithesim
1775 2758 1925 2787 exhibeat.

395 2910 425 2941 2)
438 2908 505 2944 Fig.
526 2908 547 2935 1.
565 2908 614 2938 28.
635 2908 685 2938 28.
707 2913 762 2935 etc.
788 2924 825 2929 —
849 2907 875 2947 ³)
897 2909 961 2945 Fig.
980 2909 1000 2936 1.
1016 2907 1065 2938 39.
1089 2907 1141 2938 39.
1169 2925 1203 2929 —
1229 2907 1255 2944 5)
1279 2909 1346 2945 Fig,
1370 2908 1393 2938 1.
1416 2907 1467 2938 40.
1490 2907 1540 2938 [10.
1564 2908 1632 2945 Fig.
1658 2908 1694 2938 X.
1718 2907 1747 2938 3.
1771 2908 1800 2939 3.
