2559 3609
1094 479 1404 513 -21—

442 558 475 594 E
505 561 679 595 carmide
705 559 894 593 communi
919 556 1108 592 oriuntur:

542 618 579 661 a)
602 616 762 650 Arteria
781 616 1007 650 nmmmuria
1023 616 1174 651 interna
1201 612 1247 664 ¹),
1276 628 1368 664 quae
1385 628 1452 650 suo
1480 614 1515 650 in
1543 615 1699 651 decursu
1727 614 1861 666 duplex
1888 614 2046 651 absolvit
2074 615 2159 652 offi-

341 671 447 715 cium,
475 671 630 707 alterum
655 683 805 721 nempe,
837 677 874 706 ut
900 669 1128 720 pericardio,
1157 670 1293 722 hepati,
1321 679 1355 708 et
1382 671 1585 722 parietibus
1622 671 1854 722 potissimum
1886 671 2158 709 thoracico-ab-

339 727 583 765 dominalibus
610 741 698 764 vasa
732 726 955 778 suppeditet,
983 750 1027 754 —
1054 728 1208 764 alterum
1235 742 1343 771 vero,
1371 736 1409 765 ut
1436 728 1531 765 inter
1550 728 1707 765 arterias
1729 728 1889 779 pelx‘icas
1923 736 1958 765 et
1985 729 2066 766 illas
2094 743 2158 765 ex-

340 784 566 821 tremitatum
593 784 842 835 posteriorum
866 792 902 821 et
922 788 1134 822 carolidem
1155 799 1389 823 communem
1410 785 1673 822 anastomosim
1691 785 1891 822 constituat
1902 790 1945 834 2).

441 843 572 879 Oritur
595 849 715 878 autem
737 856 755 878 e
775 841 938 879 carotide
959 841 1139 878 communi
1161 842 1251 880 duas
1279 843 1427 881 circiter
1464 843 1579 880 lineas
1605 842 1688 880 inde
1721 842 1764 879 ab
1795 844 1876 892 ejus
1904 843 2067 893 origine,
2104 851 2157 880 at-

338 913 407 950 que
434 898 576 950 hepatis
603 913 715 950 super
744 899 868 936 lobum
892 899 1083 936 sinistrum
1107 900 1286 945 recurrit,
1315 901 1374 937 ubi
1401 901 1436 937 in
1463 904 1647 938 {ct-leriam
1672 903 1937 937 mammarium
1963 903 2156 938 internam

339 959 522 994 dex-tram
556 962 588 1002 3)
626 964 662 993 et
698 956 734 992 in
769 960 954 994 arteriam
989 961 1253 995 mammem-iam
1290 961 1480 995 internum
1512 962 1711 995 ,ςὶηῖείνιιηι
1735 960 1767 1005 ¹¹)
1799 956 1973 1001 discedit,
2001 971 2071 1008 qua
2099 957 2158 994 via

340 1028 450 1050 unum
478 1021 619 1050 tantum
645 1027 709 1049 vas
737 1013 781 1050 ad
807 1013 1073 1064 pericardium,
1102 1019 1288 1052 arteriam
1313 1017 1600 1062 peric-ardicam
1620 1021 1653 1062 ⁵)
1685 1014 1845 1058 scilicet,
1873 1014 2034 1052 dimittit.

437 1072 598 1107 Arteria
629 1074 855 1107 mcctnmaria
886 1076 1039 1108 interna
1069 1085 1155 1107 vero
1185 1074 1373 1123 utriusque
1400 1071 1548 1115 lateris,
1581 1072 1733 1122 parietis
1761 1071 1937 1108 thoracici
1966 1071 2156 1108 inferioris

338 1127 468 1164 faciem
501 1128 680 1164 internam
707 1136 833 1172 nacta,
863 1142 974 1179 super
997 1127 1123 1165 eadem
1155 1128 1361 1166 abdominis
1402 1143 1516 1180 usque
1553 1129 1597 1165 ad
1625 1129 1816 1178 regionem
1843 1128 2157 1179 hypogastricam,

338 1184 398 1221 ubi
427 1199 508 1221 cum
536 1188 686 1222 arteria
709 1189 943 1234 epipam-ica
964 1191 997 1233 ⁶)
1016 1185 1179 1230 confluit,
1200 1186 1458 1237 progreditur,
1489 1201 1559 1238 quo
1587 1186 1623 1222 in
1650 1186 1792 1229 itinere,
1820 1186 1949 1237 parieti
1969 1185 2157 1222 thoracico

338 1250 374 1279 et
399 1241 620 1279 abdominali
648 1255 1027 1292 magnumramorum
1052 1257 1243 1280 numerum
1270 1243 1421 1288 emittit,
1449 1257 1604 1295 quorum
1631 1258 1649 1280 e
1677 1242 1862 1294 prioribus
1882 1242 2011 1293 aliqui,
2038 1242 2157 1293 parie-

338 1307 411 1336 tem
447 1307 680 1350 penetrantes
710 1300 956 1343 thoracicum,
983 1304 1152 1338 arteriae
1178 1305 1426 1338 mmnmarc‘ue
1461 1307 1649 1339 e-clermm
1681 1314 1762 1337 cum
1796 1299 1994 1350 postremis
2030 1313 2155 1337 ramu-

339 1356 384 1392 lis
412 1365 637 1393 concurrunt
652 1360 693 1404 ⁷).

438 1416 600 1451 Arteria
621 1418 847 1452 mccmmaria
864 1417 1017 1452 interna
1038 1416 1183 1452 εἷα-[Νι
1200 1423 1402 1466 praeterea,
1429 1422 1621 1466 antequam
1648 1413 1824 1465 parietem
1850 1413 2076 1451 thoracicum
2095 1427 2155 1449 as-

338 1479 527 1521 sequatur,
549 1475 719 1509 arlerias
740 1474 942 1519 hepaticus
968 1473 1159 1515 sublimes,
1187 1475 1369 1510 (lex-trum
1386 1474 1418 1520 8)
1447 1486 1592 1523 nempe,
1620 1480 1655 1509 et
1681 1475 1880 1509 sinistram
1905 1477 1935 1518 ⁹)
1964 1479 2156 1522 utramque

339 1528 384 1565 ad
399 1528 542 1579 jecoris
572 1529 840 1566 convexitatem
862 1536 1123 1571 recurrentem,
1152 1529 1310 1580 expedit,
1333 1543 1485 1581 quarum
1508 1529 1610 1580 prior
1633 1543 1673 1566 se
1699 1529 1735 1566 in
1762 1529 1862 1566 illius
1889 1528 2045 1565 visceris
2072 1528 2156 1565 lobo

344 1584 494 1629 dextro,
521 1585 681 1622 secunda
707 1585 742 1621 in
768 1585 920 1623 sinistro
947 1585 1058 1622 abdit.

542 1646 581 1690 β)
596 1644 759 1680 Arteria
779 1645 1016 1681 bronchialis
1039 1646 1098 1690 ¹⁰),
1119 1657 1221 1695 quae,
1249 1643 1309 1680 ubi
1338 1647 1486 1682 carolis
1513 1643 1549 1680 in
1575 1646 1756 1681 (lea-tram
1783 1652 1818 1680 et
1851 1647 2049 1681 sinistram
2076 1643 2155 1680 abi-

339 1700 438 1744 turit,
467 1706 569 1745 orta,
596 1700 697 1737 brevi
725 1708 808 1752 post
835 1700 871 1737 in
898 1700 990 1736 duos
1018 1701 1191 1746 ramulos,
1219 1715 1376 1752 quorum
1397 1701 1490 1737 alter
1518 1700 1717 1737 bronchum
1741 1700 1922 1744 dextrum,
1949 1700 2042 1737 alter
2069 1714 2155 1737 vero

338 1756 531 1795 sinistrum
557 1756 654 1802 adit,
683 1757 847 1795 discedit.

539 1817 575 1862 y)
588 1814 740 1851 Parvuli
758 1815 912 1867 denique
926 1814 1071 1867 quidam
1088 1816 1228 1859 ramuli,
1246 1816 1306 1868 qui
1327 1817 1569 1869 propinquum
1583 1816 1760 1868 parietem
1784 1816 2152 1868 thoracicumpetunt.

703 1954 754 1985 Β.
779 1953 919 1986 Aorta
941 1953 1134 1987 sinistra
1157 1962 1239 1987 seu
1264 1952 1519 1987 visceralis,
1543 1952 1783 1993 (cuvier).

440 2045 570 2081 Aoi-la
598 2048 758 2082 sinistra
790 2048 858 2092 Η),
888 2059 907 2081 e
942 2045 1123 2082 comnmni
1152 2044 1234 2082 coni
1261 2044 1435 2081 arteriosi
1469 2043 1604 2094 vagina
1635 2043 1743 2079 simul
1774 2043 1914 2087 soluta,
1943 2050 2155 2081 antrorsum

340 2108 375 2136 et
402 2100 565 2136 nonnihil
591 2101 850 2138 sinistrorsum
878 2116 991 2153 aeque
1018 2116 1059 2139 ac
1086 2103 1224 2139 carolis
1252 2101 1453 2138 communis
1480 2100 1640 2137 decurrit
1667 2105 1804 2147 (scorta
1833 2105 1993 2138 sinistra
2021 2115 2156 2139 ascen-

340 2159 479 2202 dens),
516 2171 628 2208 super
662 2157 864 2195 bronchum
901 2167 1029 2209 postea
1064 2159 1230 2209 ejusdem
1271 2158 1416 2202 lateris,
1453 2166 1488 2194 et
1530 2157 1722 2194 ventriculi
1759 2157 1942 2207 originem
1983 2166 2158 2195 curvatur

339 2218 481 2260 [arcu-s·
514 2218 689 2252 aot-tiens
723 2219 899 2261 sinister)
935 2220 999 2264 12),
1035 2225 1070 2253 et
1097 2216 1271 2267 denique,
1306 2215 1457 2267 parietis
1490 2214 1666 2251 thoracici
1696 2214 1854 2251 dorsalis
1889 2214 2017 2252 faciem
2043 2215 2157 2252 inter-

337 2284 421 2307 nam
448 2278 596 2322 petens,
624 2272 835 2321 regreditur
872 2276 1005 2321 (norm
1039 2277 1204 2311 sinistra
1233 2275 1508 2320 descendens-k
1544 2286 1615 2323 qua
1643 2272 1821 2309 decursus
1858 2273 1998 2309 ratione
2029 2273 2158 2309 subter

338 2327 462 2363 cordis
490 2328 629 2378 apicem
657 2337 871 2380 (torlaeque
900 2334 1123 2368 {hm-acione
1149 2334 1414 2370 descendentis
1442 2330 1487 2366 ad
1514 2330 1610 2367 latus
1638 2330 1808 2372 advecta,
1845 2329 1926 2367 inde
1962 2330 1997 2366 in
2030 2344 2158 2367 recur-

338 2392 481 2421 rentem
517 2389 703 2423 arceriam
741 2391 1021 2437 oesoplmyeam
1055 2387 1108 2440 ¹3)
1146 2396 1184 2425 et
1216 2389 1252 2425 in
1293 2392 1478 2426 arteriam
1512 2392 1798 2425 mesentericam
1835 2401 2068 2426 communem
2105 2387 2159 2439 ιἰ)

338 2449 523 2492 tamquam
550 2443 668 2479 trunci
706 2444 1035 2490 continuationem,
1072 2445 1257 2483 dividitur.
1297 2445 1368 2483 Ubi
1397 2453 1516 2482 autem
1551 2444 1586 2481 in
1623 2444 1705 2481 illas
1732 2444 1822 2482 duas
1850 2445 2034 2482 dirimitur
2061 2453 2160 2482 arte-

392 2592 417 2631 3)
441 2594 519 2623 Huic
551 2598 683 2624 arteriae
716 2598 798 2629 ideo,
830 2599 937 2635 quippe
971 2609 1045 2636 quae
1078 2602 1225 2636 parietum
1257 2600 1653 2628 thoracico-abdominalium
1687 2599 1840 2626 nutritioni
1865 2599 1996 2634 praesit,
2025 2608 2159 2627 necnon

444 2647 490 2673 sui
521 2647 616 2682 ipsius
650 2658 703 2684 ope
727 2651 856 2678 arterias
880 2660 895 2677 e
920 2651 997 2687 pelvi
1030 2660 1097 2679 eum
1122 2653 1236 2680 truncis
1267 2652 1425 2678 arteriosis
1451 2652 1611 2687 primitivis
1638 2651 1727 2678 faeiat
1761 2650 1929 2683 confluere,
1953 2652 2159 2678 mammariae

444 2698 587 2725 internae
607 2707 711 2726 nomen
731 2701 870 2737 imposui.

396 2813 419 2853 ¹)
444 2816 510 2852 Fig.
529 2817 551 2845 Ι.
568 2817 616 2846 10.
636 2817 684 2846 10.
699 2834 736 2838 -
757 2821 781 2853 3)
806 2820 908 2857 Fig.1.
928 2821 976 2850 13.
997 2826 1053 2849 etc.
1068 2836 1104 2841 -
1131 2819 1157 2859 ⁴)
1183 2822 1248 2858 Fig.
1263 2819 1286 2849 l.
1312 2821 1360 2851 12.
1374 2825 1430 2849 etc.
1455 2837 1493 2841 —
1511 2819 1537 2859 ⁵)
1552 2821 1616 2857 Fig.
1634 2821 1655 2847 1.
1677 2835 1711 2840 -—·
1732 2820 1779 2849 11.
1804 2821 1830 2853 ⁶)
1847 2820 1914 2856 Fig,
1938 2820 1958 2847 Ι.
1985 2820 2031 2849 17.
2058 2820 2106 2849 17.
2120 2836 2157 2840 —

447 2864 472 2904 ⁷)
491 2867 554 2904 rig.
580 2869 602 2897 1.
629 2869 666 2897 16
689 2874 718 2896 et
740 2871 806 2907 rig.
830 2872 974 2901 vm.11.
999 2889 1039 2893 —
1062 2875 1087 2905 ὅ1
1112 2874 1177 2909 Fig.
1201 2871 1224 2901 1.
1252 2873 1297 2902 15.
1322 2888 1362 2893 -
1384 2870 1409 2909 ⁹)
1429 2871 1599 2909 Fig.1.1l}.
1623 2888 1661 2892 —
1687 2869 1724 2909 ιι’)
1742 2872 1807 2907 Fig.
1832 2872 1854 2900 1.
1868 2871 1918 2900 20.
1938 2874 2034 2904 -11J
2060 2872 2124 2907 γῆς.
2137 2872 2158 2899 1.

448 2918 477 2945 5.
501 2918 545 2949 5)
569 2935 607 2939 —
632 2917 671 2957 ¹³¹)
697 2922 763 2957 Fig.
789 2923 812 2951 1.
837 2923 866 2951 6.
896 2939 929 2943 —
956 2926 993 2954 Ι11
1018 2924 1083 2960 Fig.
1108 2925 1129 2951 1.
1152 2925 1182 2954 7.
1208 2939 1244 2943 —
1270 2926 1312 2956 Μ)
1336 2924 1404 2961 rig,
1428 2925 1449 2952 1.
1474 2925 1503 2954 s.
1528 2929 1556 2951 et
1580 2924 1645 2960 Fig.
1671 2924 1724 2951 111.
1752 2923 1777 2952 1.
