2559 3609
1114 490 1425 525 —10—

503 572 552 607 3⁰.
580 569 735 614 „Genus
763 569 918 617 [quana
944 568 1167 621 peculiarem
1192 568 1293 606 illam
1318 568 1534 608 varietatem
1561 570 1686 615 offert,
1720 585 1812 623 quae
1838 586 1953 624 supra
1978 572 2015 610 in
2042 587 2182 614 croco-

354 630 435 665 dilo
465 630 570 665 lucio
592 626 777 677 descripta
800 625 900 663 fuit.“
929 626 1150 674 (Cuvier).

501 685 550 720 4⁰.
579 685 763 729 „Arteria
785 686 1026 731 pulmonalis
1043 697 1191 735 semper
1214 683 1366 722 sinistro
1386 692 1602 722 truncorum
1620 685 1847 723 aorticorum
1874 687 1981 724 lateri
2003 687 2180 739 adjacet.“

352 741 582 790 (Cuvier).

501 801 552 836 5⁰.
585 800 768 844 „Arteria
802 801 1034 842 humeralis,
1069 801 1281 836 thoracicis
1316 798 1493 844 dimissis,
1535 807 1665 851 postea
1699 799 1736 837 in
1769 805 1956 839 arteriam
1988 805 2181 842 radictlem

353 865 389 895 et
423 860 603 895 ulmcrem
640 855 853 893 dividitur.“
880 855 1113 904 (Meckel).

501 916 553 950 6⁰.
580 914 637 957 „E
666 921 796 949 trunco
830 912 1032 957 communi,
1060 912 1214 950 duarum
1241 919 1450 951 aorlarum
1483 913 1711 951 anastomosi
1746 915 1955 959 efformato‚
1983 927 2180 969 sequentes

352 972 522 1009 oriuntur
548 969 726 1008 arteriae:
755 973 790 1018 a)
807 973 1096 1015 inter-costales,
1125 970 1163 1019 b)
1185 973 1430 1020 oesoplmyea
1457 978 1492 1007 et
1523 974 1558 1019 c)
1582 974 1776 1017 hepatica,
1803 971 1841 1021 d)
1865 980 2017 1010 truncus
2047 988 2182 1025 porro,

350 1029 453 1066 brevi
481 1028 517 1065 in
546 1027 638 1065 duos
662 1041 786 1064 ramos
813 1027 1025 1072 discedens,
1051 1030 1092 1076 α)
1120 1028 1156 1065 in
1183 1041 1334 1065 nmium
1361 1032 1616 1073 (elder-iorem,
1652 1028 1711 1080 qui
1738 1029 1999 1074 ventriculum,
2035 1031 2183 1076 lienem,

350 1099 530 1138 pancreas
558 1094 593 1123 et
620 1085 828 1123 duodenum
855 1085 964 1136 petit,
992 1093 1028 1122 et
1053 1089 1093 1133 β)
1129 1086 1165 1123 in
1191 1099 1343 1123 ramum
1370 1089 1642 1133 posteriorem,
1670 1100 1715 1123 ex
1743 1100 1813 1138 quo
1835 1092 2090 1126 nzesenlerica
2113 1104 2183 1127 (ιη-

350 1148 475 1183 lerz'or
505 1143 568 1192 (ad
599 1143 762 1180 canalem
794 1143 1034 1192 emericum),
1068 1146 1273 1187 cambucas,
1300 1147 1581 1191 spernmlicae,
1611 1147 1862 1182 mesenterica
1894 1150 2117 1193 posterior,
2146 1155 2181 1184 et

349 1204 507 1240 renatas
534 1201 689 1253 denique
717 1200 936 1252 prodeiiiit.“
964 1201 1012 1249 <C
1025 1202 1101 1239 uvi
1119 1206 1194 1250 er.)

501 1261 550 1295 7⁰.
578 1260 730 1303 „Aorta
754 1261 1012 1296 abdominalis
1036 1258 1212 1295 dividitur
1233 1258 1270 1294 in
1298 1257 1394 1309 pelvi
1420 1257 1457 1294 in
1485 1258 1575 1295 duas
1598 1262 1768 1296 arterias
1783 1262 1922 1297 iliacas
1952 1268 1987 1298 et
2010 1261 2047 1298 in
2073 1269 2179 1300 arte-

351 1320 450 1354 riam
472 1317 685 1353 candalem.
719 1317 1062 1352 Arle1·iaeili(ccae
1092 1315 1225 1352 iterum
1255 1315 1291 1352 in
1319 1319 1506 1353 arteriam
1535 1318 1698 1354 tibialem
1724 1319 1917 1363 posticum
1944 1326 1980 1355 et
2016 1321 2182 1357 tibialem

351 1377 536 1418 anticam,
567 1386 659 1424 quae
690 1386 709 1408 e
745 1372 841 1423 pelvi
878 1380 1030 1415 exeunt,
1058 1371 1279 1410 dividuntur.
1314 1371 1442 1410 Prima
1477 1374 1623 1424 plantae
1658 1374 1784 1425 pediS,
1820 1374 1981 1412 secunda
2015 1376 2180 1427 ejusdem

351 1431 462 1469 dorso
490 1444 612 1467 ramos
642 1430 838 1481 largitur.“
865 1430 1103 1478 <Meckel.)

403 1592 746 1658 systema
771 1592 1239 1646 ursel-insunt
1259 1593 1847 1646 Psammosauri
1870 1593 2134 1660 grisei.

1000 1700 1199 1741 Pars
1263 1698 1534 1756 prima.

1167 1786 1370 1835 Cor1).

742 1900 787 1966 ξ.
830 1901 873 1950 l.
913 1897 1224 1967 Descriptio
1261 1896 1444 1949 cordis
1470 1898 1530 1970 'in
1568 1916 1788 1969 genere.

452 2007 551 2051 Cor,
580 2006 677 2058 quod
704 2006 762 2043 hic
789 2020 931 2058 quoque
965 2005 1127 2042 centrale
1162 2004 1375 2053 systematis
1410 2005 1615 2056 sanguiseri
1653 2019 1820 2055 organon
1858 2007 2064 2053 constituit,
2100 2009 2181 2046 tho-

351 2065 447 2102 racis
483 2065 519 2101 in
553 2078 643 2101 cavo
678 2064 805 2108 situm,
833 2072 867 2100 et
886 2061 1190 2114 quemadmodum
1217 2061 1370 2113 reliquis
1399 2061 1434 2098 in
1461 2062 1609 2105 sauriis,
1637 2063 1845 2114 pericardio
1874 2065 2087 2102 obvolutum
2116 2075 2180 2104 est.

452 2121 711 2166 Ventriculus,
740 2121 833 2157 atria
861 2128 897 2157 ct
924 2134 1038 2157 conus
1066 2119 1285 2161 arici-iosuS,
1314 2133 1383 2170 quo
1413 2120 1556 2157 facilius
1584 2120 1695 2158 situm
1722 2137 1829 2159 snum
1856 2137 2005 2161 servare
2033 2134 2178 2175 queant,

352 2180 423 2217 [ilis
460 2179 679 2231 quibusdam
710 2178 934 2221 tendinosis,
962 2178 1007 2215 ad
1033 2177 1231 2228 pericardii
1258 2177 1441 2215 internam
1474 2178 1603 2215 faciem
1639 2180 1858 2217 abeuntibus
1886 2181 2056 2218 instructi
2085 2190 2180 2226 sunt,

352 2251 464 2289 quae,
493 2244 531 2274 ut
560 2245 704 2274 caetera
739 2235 904 2286 ejusdem
932 2236 1027 2272 telae
1055 2235 1250 2277 silamcnta,
1273 2234 1404 2286 quibus
1431 2234 1527 2271 hunc
1554 2234 1726 2272 adfinem
1754 2236 1805 2273 nil
1833 2237 1991 2274 conferri
2017 2252 2088 2290 pro
2117 2254 2182 2276 ex-

350 2295 494 2345 plorato
521 2293 662 2336 habco,
690 2299 853 2336 taceam,
882 2292 916 2328 in
951 2291 1051 2329 hisce
1089 2291 1180 2328 locis
1217 2292 1432 2329 observavi:
1472 2294 1500 2329 1.
1529 2307 1660 2337 unum,
1689 2294 1785 2345 quod
1813 2295 1908 2331 iuter
1935 2296 2068 2333 atrium
2095 2296 2180 2334 (lex-

350 2360 448 2389 trum
476 2359 511 2388 et
538 2351 656 2388 basim
689 2350 894 2394 ventriculi,
928 2353 959 2386 2.
994 2350 1170 2393 alterum,
1208 2350 1354 2387 brevius
1393 2358 1427 2387 et
1460 2350 1642 2393 crassum,
1681 2352 1776 2402 quod
1804 2352 1900 2389 inter
1931 2354 2064 2391 atrium
2085 2354 2180 2392 idem

351 2417 386 2446 et
414 2423 545 2446 conum
573 2409 813 2452 arteriosum,
841 2411 875 2444 3.
904 2407 1070 2451 tertium,
1097 2407 1193 2458 quod
1220 2407 1316 2445 inter
1343 2415 1512 2453 truncos,
1540 2408 1575 2444 in
1604 2422 1695 2459 quos
1723 2423 1837 2446 conus
1864 2411 2070 2448 arteriosus
2101 2412 2177 2449 dis—

350 2467 466 2511 cedit,
497 2470 529 2504 4.
558 2476 726 2518 quartum
754 2466 925 2518 denique,
963 2465 1059 2518 quod
1099 2465 1193 2501 inter
1221 2465 1354 2501 atrium
1394 2465 1586 2501 sinistrum
1622 2473 1657 2502 et
1685 2466 1765 2502 coni
1794 2467 1967 2504 arteriosi
1995 2469 2178 2519 originem

352 2525 574 2563 extenditur.

452 2584 619 2635 Hujnsce
647 2582 802 2619 visceris
831 2582 958 2624 forma,
985 2579 1243 2630 irregulariter
1278 2579 1418 2625 conica,
1447 2579 1491 2616 ab
1519 2580 1582 2616 illa
1610 2588 1820 2618 ceterorum
1847 2582 2057 2620 sauriorum
2094 2587 2178 2621 nul-

349 2643 493 2679 latenus
529 2641 731 2678 dissimilis.
763 2642 882 2687 Aper
917 2638 1022 2674 valde
1060 2637 1235 2681 obtusus,
1262 2640 1367 2674 basis
1393 2643 1604 2673 antrorsum
1633 2652 1756 2676 versa.
1791 2640 1940 2676 Salvus
1967 2643 2178 2689 lonffl'tmli—

351 2703 464 2745 uncis,
493 2699 622 2736 leviter
657 2699 777 2736 solum
811 2703 1003 2738 exaratus,
1032 2703 1138 2747 septo
1171 2694 1456 2746 correspondet,
1485 2709 1556 2746 quo
1586 2695 1778 2733 ventriculi
1809 2710 1940 2734 cavum
1967 2697 2178 2748 imperfecte

400 2846 424 2879 ¹)
449 2845 546 2880 Quum
570 2845 647 2871 situs
680 2848 739 2870 tam
770 2840 909 2869 animalis
939 2838 1036 2874 ipsius
1070 2846 1157 2874 quam
1190 2837 1254 2873 ejus
1280 2839 1431 2866 viscerum
1456 2838 1599 2875 ignotus,
1629 2839 1843 2876 descriptionis
1880 2841 2087 2876 perspicuitati
2118 2842 2178 2878 ple-

451 2905 577 2932 rumque
593 2896 701 2923 obesse
726 2894 836 2925 soleat,
862 2890 938 2918 haud
961 2889 1106 2916 absonum
1132 2889 1281 2925 quidpiam
1305 2890 1340 2917 ab
1364 2889 1491 2925 hujusce
1515 2889 1623 2925 capitis
1646 2899 1738 2926 scopo
1760 2890 1854 2917 ordiri
1878 2899 1923 2918 me
1938 2896 2018 2927 puto,
2040 2893 2066 2919 si
2090 2893 2176 2920 brevi

447 2947 679 2984 praemiserim,
702 2955 747 2973 me
767 2949 997 2982 psammosauro
1022 2941 1170 2976 supino
1198 2940 1333 2975 ejusdem
1360 2949 1412 2969 cor
1435 2940 1649 2977 descripsisse.
