2559 3609
1079 501 1388 534 —15--.

326 581 544 634 superficies
569 588 647 618 tota
673 580 749 616 fere
776 593 796 615 a
813 592 970 629 corpore
998 577 1153 629 quodam
1180 591 1336 615 carnoso
1364 586 1575 628 occupatur,
1603 577 1721 614 forma
1747 577 1947 628 irregulari
1966 577 2144 614 cordisor-

327 639 377 677 mi
403 638 581 690 praedito,
608 639 713 687 cujus
734 636 834 673 basis
861 635 1029 672 valvulae
1054 634 1151 679 basi,
1187 648 1280 685 apex
1306 647 1394 671 vero
1421 634 1537 685 ipsius
1573 634 1666 684 apici
1702 634 1989 686 correspondet;
2016 634 2053 671 in
2079 648 2142 671 su-

327 695 475 749 perficie
502 702 621 731 autem
656 693 849 731 ventriculi
877 706 1005 730 cavum
1041 699 1230 743 spectante
1265 691 1404 742 apicem
1431 705 1571 735 versus,
1598 690 1668 727 duo
1697 691 1815 728 altera
1840 699 2033 742 praeterea
2059 704 2142 729 cor-

328 767 420 805 pora
446 764 601 789 carnosa
633 750 753 788 inveni
782 749 987 802 pisisormia
1024 755 1060 786 et
1086 748 1284 786 voluminis
1311 748 1422 799 longe
1455 748 1621 785 minoris.
1654 748 1759 785 Haec
1785 748 1856 785 tria
1881 762 2039 799 corpora
2065 762 2144 785 car-

327 823 430 854 nosa,
457 822 610 860 quorum
638 808 798 845 officium
825 807 862 844 in
889 821 932 844 eo
960 815 1027 850 est,
1054 814 1094 843 ut
1113 806 1339 843 valvularum
1366 806 1497 858 quibus
1524 813 1669 843 acereta
1689 813 1774 843 sunt
1800 805 2048 843 inversionem
2074 805 2143 842 im-

328 867 494 919 pediant,
523 865 717 916 analogiae
743 865 866 916 gratia
891 867 1062 903 nodulos
1089 865 1246 901 Arantii
1273 863 1410 900 vocabo
1440 867 1480 910 ¹).

935 981 981 1014 O.
1016 979 1309 1013 Ventriculus
1333 978 1537 1012 sinister.

433 1065 681 1101 Ventriculus
706 1065 863 1099 sinister
889 1074 934 1097 ex
961 1060 1056 1097 atrio
1084 1059 1238 1096 sinistro
1265 1058 1484 1109 sanguinem
1512 1057 1640 1109 recipit
1666 1057 1909 1103 arteriosum,
1938 1066 1977 1095 ut
2003 1071 2084 1095 eum
2111 1057 2149 1095 in

330 1120 488 1172 spatium
515 1118 859 1156 interventriculare
885 1117 1050 1168 impellat
1075 1120 1118 1165 Ξ).

431 1178 527 1227 Ejus
554 1190 693 1219 cavum,
723 1175 840 1212 forma
868 1175 996 1211 conica
1021 1173 1249 1226 praeditum,
1277 1172 1357 1209 basi
1384 1186 1542 1215 sursum,
1570 1171 1672 1223 apice
1694 1171 1865 1209 deorsum
1894 1186 2014 1217 verso,
2042 1185 2147 1223 capa-

331 1235 476 1272 citatem
500 1233 647 1271 circiter
673 1232 857 1270 dimidiam
885 1231 984 1269 illius
1023 1230 1217 1269 ventriculi
1251 1229 1395 1275 dextri,
1431 1229 1590 1280 parietes
1618 1242 1706 1266 vero
1733 1228 1842 1280 duplo
1881 1229 2088 1266 crassiores
2109 1243 2151 1266 ac

330 1293 366 1330 in
394 1292 476 1337 illo,
512 1290 696 1343 possidet,
732 1290 822 1327 adeo
857 1299 915 1335 ut,
950 1303 1031 1326 cum
1067 1288 1221 1326 duarum
1256 1287 1361 1339 quasi
1387 1287 1566 1324 linearum
1593 1286 1871 1338 spissitudinem
1898 1287 2066 1332 offerant,
2095 1287 2149 1338 ip-

329 1350 407 1387 sius
429 1349 508 1387 cavi
535 1349 655 1385 lumen
682 1355 868 1399 superent.

429 1406 510 1444 Nec
536 1405 645 1443 etiam
672 1405 814 1442 orificia
841 1417 993 1441 numero
1008 1402 1092 1440 “duo
1120 1403 1264 1445 absunt,
1293 1401 1570 1438 commemorati
1596 1401 1791 1438 ventriculi
1818 1400 1937 1439 dextri
1972 1401 2018 1438 ad
2045 1401 2151 1438 simi—

331 1463 538 1509 litudinem,
566 1464 723 1500 alterum
750 1476 879 1513 nempe
906 1475 1105 1512 egressuS‚
1133 1460 1230 1512 quod
1264 1459 1308 1496 ad
1335 1458 1495 1510 spatium
1523 1458 1866 1495 interventriculare
1893 1458 1964 1495 iter
1994 1457 2151 1509 expedit,

333 1529 460 1572 atque,
497 1520 549 1558 uti
585 1534 697 1571 supra
722 1521 894 1571 loquutus
921 1533 1021 1563 sum,
1049 1533 1070 1555 a
1095 1518 1240 1555 valvula
1267 1515 1626 1554 atrio-ventriculari
1653 1517 1784 1552 dextra
1808 1522 1896 1552 tunc
1925 1522 2064 1552 tantum
2093 1528 2154 1551 oc—

330 1578 507 1620 cluditur,
544 1591 675 1628 quum,
711 1577 774 1613 illa
808 1577 981 1613 deorsum
1016 1583 1118 1612 recta
1144 1575 1313 1626 delapsa,
1341 1573 1425 1611 atrii
1459 1572 1515 1610 sui
1544 1572 1678 1610 ostium
1706 1571 1848 1623 patesst3
1875 1572 2030 1610 alterum
2066 1585 2154 1608 vero

331 1636 547 1686 ingressus:
583 1638 721 1672 ostium
761 1637 852 1671 atrii
887 1637 1036 1671 sinistri
1070 1632 1236 1684 inquam,
1271 1630 1367 1683 quod
1401 1630 1491 1667 duas
1529 1630 1716 1673 valvulas‚
1751 1632 1988 1667 anleriorem
2024 1637 2059 1666 et
2080 1642 2154 1677 po-

333 1697 551 1737 ster-iorem,
577 1691 736 1728 exhibet.
763 1691 879 1728 Prior
905 1704 1051 1733 earum,
1080 1703 1145 1727 seu
1171 1692 1331 1727 vulvula
1350 1689 1752 1726 carrio-ventricnlaris
1778 1690 1938 1724 sinistra
1967 1689 2153 1729 anterior,

332 1764 354 1787 a
387 1749 532 1787 valvula
566 1747 917 1786 atrio-ventriculari
945 1747 1029 1785 atrii
1057 1746 1179 1784 dextri
1207 1746 1355 1783 minime
1382 1746 1515 1782 differt.
1542 1744 1727 1787 Secunda,
1754 1757 1819 1780 seu
1846 1747 2005 1781 vulvula
2034 1747 2154 1781 (itrio-

331 1810 605 1845 venlrz'cularis
631 1810 792 1844 sinistra
813 1808 1030 1854 posterior,
1058 1812 1242 1856 tamquam
1264 1803 1359 1854 septi
1388 1803 1567 1840 atriorum
1595 1801 1821 1839 continuatio
1856 1815 1999 1853 quoque
2033 1801 2154 1837 consi-

337 1864 515 1909 deranda,
551 1872 587 1901 et
620 1877 714 1915 pone
755 1862 978 1914 praedictam
1012 1862 1195 1899 valvulam
1231 1860 1455 1898 anteriorem
1491 1860 1581 1903 sita,
1616 1858 1822 1908 marginem
1858 1858 2012 1894 liberum
2050 1858 2157 1894 offert

337 1921 669 1964 semicircularem,
707 1923 811 1970 cujus
843 1919 1053 1956 concavitas
1079 1917 1274 1955 ventriculi
1301 1931 1428 1954 cavum
1450 1916 1636 1960 intuetur,
1665 1914 1791 1965 anguli
1819 1922 1939 1951 autem
1967 1928 1987 1951 a
2014 1913 2157 1951 duobus

338 1978 515 2016 musculis
542 1977 782 2029 papillaribus
817 1977 1081 2026 gubernantur.
1108 1976 1204 2027 Ejus
1232 1975 1349 2011 forma
1376 1987 1449 2010 non
1474 1972 1664 2010 dissimilis
1691 1972 1735 2008 ab
1763 1972 1826 2008 illa
1850 1971 2025 2023 trapezii,
2053 1973 2158 2021 cujus

338 2036 438 2073 basis
458 2035 512 2072 illi
538 2034 731 2071 ventriculi
758 2033 901 2070 sinistri
929 2033 1081 2084 adjacet,
1109 2047 1202 2084 apex
1224 2046 1312 2069 vero
1340 2031 1434 2068 liber
1461 2046 1481 2068 a
1507 2044 1602 2067 nunc
1628 2029 1725 2067 dicto
1753 2029 1920 2079 margine
1947 2028 2158 2065 semicircu-

339 2094 407 2130 lari
429 2099 750 2144 repraesentatur3
777 2091 936 2142 spatium
954 2104 1054 2135 vero,
1080 2091 1197 2127 basim
1217 2090 1313 2127 inter
1327 2097 1362 2126 et
1388 2088 1527 2139 apicem
1555 2086 1879 2138 comprehensum,
1903 2086 2055 2122 duarum
2083 2085 2158 2121 cir-

338 2151 430 2188 citer
455 2150 635 2186 linearum
661 2148 924 2185 dimensionem
954 2147 1140 2199 adaequat.
1167 2147 1272 2184 Talis
1299 2159 1390 2196 ergo
1418 2145 1562 2182 valvula
1587 2144 1638 2181 ita
1664 2158 1776 2195 supra
1801 2143 1995 2180 ventriculi
2014 2142 2159 2179 sinistri

338 2208 469 2251 basim,
497 2206 619 2257 pontis
653 2206 816 2243 adinstar
851 2205 1077 2248 extenditur,
1118 2213 1156 2242 ut
1191 2203 1237 2240 ad
1268 2203 1371 2240 sinus
1407 2202 1597 2252 cujusdam
1632 2201 1912 2246 formationem,
1956 2202 2160 2237 ventriculi

338 2269 486 2303 sinistri
512 2268 621 2303 sinus
648 2264 812 2315 inquam,
847 2263 910 2299 illo
939 2263 975 2299 in
1001 2262 1083 2298 loco
1112 2261 1288 2305 conferat,
1314 2260 1371 2296 vel
1397 2260 1520 2311 potius
1548 2257 1713 2310 ejusdem
1740 2258 1940 2295 constituat
1972 2256 2158 2294 fornicem.

440 2324 474 2360 E
502 2321 702 2359 trabeculis
729 2321 875 2357 carneis
902 2319 1097 2358 admodum
1123 2318 1273 2362 crassis,
1301 2331 1393 2369 quae
1432 2325 1550 2354 totum
1577 2315 1770 2353 ventriculi
1805 2315 1957 2366 hujusce
1982 2314 2160 2365 parietem

341 2387 539 2423 exornant,
565 2377 637 2415 duo
664 2385 824 2421 tantum,
851 2377 969 2415 basim
995 2392 1147 2419 versus,
1175 2377 1259 2412 illos
1287 2375 1475 2411 musculos
1502 2373 1701 2425 papillares
1738 2375 1846 2424 (quos
1874 2372 2159 2409 commemoravi

340 2437 507 2474 valvulae
524 2435 896 2473 atrio—ventricularis
923 2434 1096 2472 sinistrae
1122 2432 1342 2485 posterioris
1362 2432 1521 2481 angulos
1548 2432 1703 2482 petere),
1732 2430 1970 2474 constituunt,
1997 2429 2160 2480 reliquae

340 2509 430 2532 vero
459 2493 503 2530 ad
529 2495 770 2531 tuberculum
790 2492 971 2544 quoddam
1008 2495 1188 2535 centrale,
1216 2491 1315 2527 illico
1343 2490 1454 2526 situm
1482 2488 1541 2526 ubi
1568 2488 1732 2524 valvulae
1753 2488 1930 2525 atriorum
1954 2487 2099 2536 (dextra
2124 2494 2160 2523 et

340 2553 495 2590 sinistra
531 2550 713 2600 anterior)
748 2558 852 2601 septo
886 2549 1223 2587 interventriculari
1260 2547 1446 2598 adjacent,
1488 2561 1507 2584 e
1542 2553 1621 2583 toto
1659 2545 1753 2596 septi
1789 2545 1929 2596 pariete
1968 2544 2158 2581 radiorum

385 2682 410 2715 ¹)
434 2682 556 2709 Dictum
579 2690 652 2708 vero
675 2681 807 2709 officium
830 2685 899 2708 tunc
922 2681 1058 2716 explent,
1090 2680 1159 2707 dum
1182 2679 1210 2706 in
1234 2677 1369 2710 orificia,
1394 2677 1458 2703 suis
1483 2674 1613 2704 valvulis
1638 2677 1780 2710 occlusa,
1806 2676 1891 2704 cunei
1915 2676 1950 2703 ad
1974 2676 2070 2703 instar
2094 2674 2158 2701 infi-

445 2736 567 2759 cuntur.

393 2770 419 2811 2)
443 2754 551 2800 ,οἳίηιίὶε
583 2772 743 2808 quidquam
767 2772 795 2799 in
827 2773 955 2799 lacertis
983 2780 1119 2808 quoque,
1154 2772 1182 2798 in
1220 2779 1333 2807 genere
1364 2769 1493 2804 [quana
1523 2774 1553 2797 et
1590 2769 1618 2796 in
1641 2768 1768 2803 Iyuana
1806 2769 2032 2797 delicatissima
2068 2775 2155 2803 prae-

444 2823 551 2850 sertim
582 2823 775 2850 observatum
807 2823 872 2852 suit.
905 2822 1076 2856 (Cuvier
1108 2823 1128 2850 l.
1162 2820 1205 2860 c.)
1229 2821 1324 2849 Juxta
1347 2821 1579 2857 descriptionem
1612 2820 1648 2848 ab
1672 2820 1730 2847 isto
1754 2824 1876 2848 auctore
1901 2820 2056 2852 traditam,
2081 2821 2155 2853 Igm-

443 2883 508 2902 ana
535 2876 763 2902 delicatissima
785 2878 813 2901 et
843 2874 1056 2902 Chamaeleon
1080 2873 1251 2907 africanus
1275 2881 1414 2910 magnam
1448 2872 1591 2908 praebent
1614 2880 1681 2899 cum
1703 2873 1948 2900 Psammosauro
1971 2871 2156 2907 analogiam,

444 2926 575 2953 maxime
599 2926 675 2963 quod
698 2934 839 2953 vasorum
863 2925 1083 2952 arteriosorum
1114 2925 1262 2961 originem
1285 2929 1373 2961 atque
1407 2925 1517 2952 ostium
1541 2923 1836 2952 atrio-ventriculare
1861 2924 2018 2951 sinistrum
2042 2921 2156 2949 attinet.
