2559 3609
1071 502 1245 536 ..ιη
1298 526 1379 529 „M

320 581 417 618 ossis
453 579 560 633 pubis
597 594 681 631 pars
715 579 1007 630 penei-eluatur,
1039 579 1154 630 pelvis
1184 593 1203 617 e
1234 594 1321 616 cavo
1357 594 1511 631 egressa
1545 590 1577 619 et
1615 591 1827 621 extrorsum
1864 583 1947 621 inde
1974 583 2131 627 directa,

318 639 459 689 cotyles
487 635 776 674 articulationem
804 637 955 687 ejusque
987 636 1163 687 parietem
1195 637 1378 674 internum
1416 638 1625 676 inferiorem
1650 649 1916 693 permeat3qu0
1943 641 1979 678 in
2007 641 2132 679 decur-

317 710 358 732 su
386 693 537 732 emittit:

518 749 585 802 αα)
612 750 708 787 intra
730 749 884 801 pelvim:
912 753 1089 788 ramulo-9
1114 756 1328 790 nutrientes
1356 757 1458 791 ossis
1479 756 1603 801 pubis.

515 805 578 860 ββ)
607 816 711 845 extra
736 807 889 859 pelvim:
917 821 1051 845 ramos
1071 812 1315 847 mnsculares
1335 809 1379 847 ad
1406 811 1611 855 musculos,
1640 811 1770 863 quibus
1799 811 1996 863 obtegitur.

516 863 578 918 yy)
605 868 776 903 arteria-5
794 869 1021 910 nutrientes,
1045 867 1120 903 ossi
1148 866 1373 905 innominato
1394 869 1577 921 proprias.

414 923 451 970 h)
478 925 675 960 Arteriam
689 926 975 970 circamfleoeam
988 927 1156 972 femoris
1182 931 1383 962 externam
1393 938 1457 961 seu
1469 927 1705 962 anteriorem
1721 927 1751 973 ¹)
1764 928 1815 973 2),
1832 939 1933 977 quae,
1945 930 2046 963 rami
2059 941 2131 975 sto-

313 984 494 1018 .s·teri0ri.5
529 983 664 1016 iliacae
699 983 873 1017 internae
906 980 1216 1018 continuationem
1252 981 1502 1025 constituens,
1540 990 1727 1019 externam
1764 983 1992 1034 superiorem
2028 983 2131 1022 fundi

313 1036 489 1075 acetabuli
516 1044 656 1088 partem
689 1037 915 1081 conscendit,
954 1052 995 1074 ac
1031 1038 1122 1081 inde,
1158 1038 1253 1075 infra
1292 1038 1512 1075 anteriorem
1551 1040 1647 1076 ossis
1683 1040 1743 1076 ilei
1777 1040 1919 1091 spinam
1958 1041 2129 1088 advecta,

311 1095 461 1147 pelveos
490 1108 508 1131 e
527 1107 613 1131 cavo
640 1094 802 1145 ejusdem
830 1109 895 1146 per
928 1103 1135 1146 aperturam
1165 1095 1387 1133 anteriorem
1409 1096 1557 1147 effugit:
1587 1110 1656 1148 quo
1673 1097 1769 1134 facto
1793 1106 1832 1135 ut
1853 1099 2011 1150 primum
2037 1114 2132 1150 pone

311 1160 418 1204 eaput
440 1151 589 1189 femoris
618 1154 697 1202 ejus
725 1151 768 1189 ad
806 1153 900 1189 latus
935 1160 1125 1190 externum
1154 1153 1272 1190 delata
1305 1162 1386 1197 est,
1413 1162 1623 1192 antrorsum
1649 1169 1781 1192 versus
1808 1155 1946 1193 directa
1982 1157 2130 1208 ossique

311 1210 502 1260 contigua,
529 1209 660 1246 collum
682 1209 844 1261 ejusdem
873 1224 987 1262 usque
1021 1210 1064 1247 ad
1091 1211 1275 1248 internum
1309 1211 1575 1249 articulationis
1602 1213 1745 1262 cotyles
1773 1213 1867 1250 latus
1896 1214 2020 1259 ambit,
2047 1215 2130 1251 illa-

311 1282 379 1320 que
406 1269 441 1305 in
467 1267 620 1317 regione
648 1282 687 1304 se
714 1268 846 1319 partim
876 1268 1069 1311 musculis,
1104 1268 1236 1306 ibidem
1264 1269 1366 1314 sitis,
1394 1269 1597 1321 dispendit,
1624 1270 1758 1322 partim
1786 1284 1909 1307 ramos
1937 1285 2026 1308 suos
2052 1279 2129 1308 ter-

312 1326 463 1363 minales
490 1326 564 1362 illis
592 1329 761 1363 artem'ae
792 1330 1063 1374 circumstat-ae
1084 1330 1250 1375 femoris·
1277 1331 1451 1365 internae
1474 1327 1617 1364 obviam
1641 1327 1762 1364 mittit.
1781 1328 1864 1365 Hoc
1881 1329 1948 1365 sub
1971 1328 2128 1365 decursu

313 1398 355 1420 ex
384 1383 445 1419 illa
473 1383 660 1420 oriuntur:

513 1441 556 1489 α)
584 1443 698 1478 Rami
723 1444 967 1478 mas-melares
993 1445 1244 1480 accendentes
1272 1450 1307 1478 et
1328 1445 1620 1485 desvemlunces,
1650 1441 1709 1493 qui
1739 1456 1871 1492 magno
1900 1455 2049 1478 numero
2078 1441 2130 1477 in-

312 1508 365 1536 ter
394 1499 578 1535 musculos
605 1498 824 1535 abduc-tores
852 1507 887 1535 et
914 1506 1130 1536 extensores
1158 1498 1409 1549 potissimum,
1439 1506 1473 1535 et
1501 1499 1594 1535 inter
1623 1512 1750 1534 omnes
1777 1498 1813 1534 in
1839 1512 1996 1548 genere,
2024 1505 2125 1534 ante-

310 1556 445 1593 riorem
473 1556 622 1592 semoris
650 1564 790 1607 partem
819 1556 1063 1600 obducentes,
1095 1556 1288 1607 direptant.

508 1611 548 1665 β)
578 1613 774 1650 Vasculum
804 1614 949 1665 aliquod
977 1614 1117 1663 cotyles
1145 1613 1395 1651 articulationi
1424 1614 1571 1665 ossique
1600 1614 1749 1651 semoris
1777 1614 2007 1651 destinatum.

731 1731 772 1796 ξ.
818 1732 895 1782 19.
935 1729 1157 1782 Arteria
1195 1729 1353 1781 iliaca
1393 1735 1617 1781 externa
1655 1732 1715 1799 3).

410 1840 569 1876 Arteria
597 1842 712 1875 iliaca
740 1845 904 1876 estet-aa
920 1844 960 1886 ὓ),
990 1838 1172 1889 aliquibus
1200 1837 1452 1887 generationis
1480 1838 1642 1888 organis.
1671 1846 1770 1874 recto
1805 1837 2001 1880 intestino,
2032 1852 2128 1874 mus-

310 1895 424 1933 culari
450 1896 599 1947 pelveos
625 1903 859 1946 tegumento,
888 1910 1065 1938 necnon,
1094 1909 1182 1932 suae
1205 1895 1491 1932 continuationis
1510 1909 1621 1932 causa
1637 1898 1845 1943 femwvtlis
1872 1896 1939 1932 sub
1968 1897 2126 1939 nomine,

310 1953 535 1990 extremitati
559 1953 759 2005 posteriori
790 1953 953 1997 addicta,
983 1960 1139 2004 quatuor
1160 1952 1307 1989 circiter
1330 1952 1444 1989 lineas
1471 1953 1553 1990 inde
1572 1953 1616 1989 ab
1646 1956 1815 1991 arteriae
1842 1957 1981 1990 iliacae
2007 1958 2128 1991 inter-

309 2026 381 2050 nae
408 2025 556 2049 secessu
577 2011 644 2048 sub
672 2011 879 2048 vertebram
900 2011 1097 2048 lumbalem
1119 2010 1257 2055 oritur,
1287 2018 1395 2061 atque
1422 2010 1465 2047 ad
1491 2011 1588 2048 ossis
1611 2011 1671 2048 ilei
1694 2025 1774 2047 cum
1802 2011 1972 2048 vertebra
2003 2025 2129 2048 sacra-

310 2069 333 2105 li
362 2068 560 2119 posteriori
594 2067 886 2106 articulationem
916 2068 1252 2116 (sae1·0-iliacam?)
1282 2082 1501 2114 excurrens,
1530 2068 1682 2105 inferius
1709 2082 1727 2105 e
1748 2069 1899 2119 pelveos
1924 2082 2011 2105 cavo
2035 2070 2128 2118 ejus-

310 2126 390 2163 dem
415 2140 481 2178 per
501 2133 710 2178 aperturam
740 2126 985 2177 posteriorem
1008 2126 1219 2176 egreditur,
1248 2139 1317 2177 quo
1343 2125 1438 2161 sacto
1453 2157 1460 2170 ,
1489 2124 1533 2161 ad
1553 2124 1798 2176 posteriorem
1822 2125 1952 2176 capitis
1975 2125 2127 2162 femoris

308 2191 450 2234 partem
481 2183 635 2235 denique
664 2183 833 2227 advecta,
861 2187 1010 2221 arteria
1024 2186 1235 2233 femoralis
1262 2191 1501 2235 nuncupatur.

411 2241 541 2292 Nuper
568 2240 665 2278 dicto
692 2240 760 2277 sub
787 2240 960 2285 decursu,
986 2240 1022 2276 in
1051 2253 1121 2291 quo
1140 2254 1291 2277 nervum
1318 2254 1492 2292 magnum
1515 2238 1753 2277 ischiadicum
1779 2239 1850 2276 sibi
1871 2240 2041 2277 comitem
2067 2238 2128 2276 ad—

310 2306 453 2343 sciscit,
481 2305 669 2335 oriuntur:

460 2358 489 2392 1.
516 2358 665 2393 Rama-5·
691 2358 854 2404 spinalis·
873 2358 917 2404 ⁵),

358 2508 384 2548 ²)
408 2509 491 2538 Haec
505 2510 634 2541 arteria,
659 2518 749 2546 quum
766 2514 923 2537 externum
941 2510 1047 2546 eapitis
1067 2509 1234 2545 superioris
1250 2509 1376 2536 femoris
1393 2509 1470 2536 latus
1495 2509 1711 2544 amplectatur,
1736 2509 1870 2544 ejusdem
1893 2509 2024 2536 nominis
2049 2513 2126 2535 arte-

410 2562 472 2589 riae
488 2562 515 2588 in
533 2561 651 2588 homine
675 2561 803 2598 analoga
826 2570 895 2588 esse
918 2561 1057 2594 videtur,
1082 2561 1110 2588 in
1129 2570 1163 2588 eo
1183 2561 1279 2588 solum
1299 2560 1335 2587 ab
1357 2560 1407 2587 illa
1431 2560 1607 2593 dissimilis,
1632 2561 1709 2597 quod
1732 2569 1789 2587 non
1813 2565 2022 2596 postrorsum,
2046 2564 2077 2586 ut
2096 2560 2125 2586 iu

410 2613 545 2644 homine,
563 2612 614 2639 sed
632 2617 806 2640 antrorsum
824 2622 933 2640 versus
957 2613 1070 2640 directa
1093 2614 1150 2640 iter
1164 2613 1263 2641 faciat.
1288 2611 1360 2646 Ejus
1382 2612 1529 2639 decursus
1557 2616 1655 2639 autem
1685 2612 1713 2639 in
1738 2612 1907 2648 principio,
1929 2612 1976 2639 ubi
1998 2616 2125 2638 externo

412 2664 508 2699 pelvis
528 2664 615 2691 lateri
632 2663 763 2698 adjacet,
778 2664 860 2691 illum
876 2665 1015 2692 arteriae
1031 2666 1158 2698 ,alate-ae
1178 2664 1308 2691 hominis
1326 2663 1470 2691 imitatur.

352 2716 376 2747 ³)
401 2715 474 2743 Sola
498 2716 618 2743 arteria
633 2716 901 2743 haemorrhoidale'
923 2715 1073 2749 inferiori
1089 2719 1224 2750 excepta,
1239 2723 1342 2742 omnes
1367 2713 1491 2752 hujusce
1513 2715 1642 2743 arteriae
1662 2716 1737 2742 rami
1754 2714 1815 2742 illis
1839 2724 1875 2742 ex
1898 2716 1993 2742 iliaca
2014 2718 2126 2741 emer-

412 2775 455 2794 na
489 2765 618 2793 hominis
649 2766 743 2798 ortis,
764 2763 883 2802 analogi
910 2770 988 2793 sunt.

363 2893 388 2931 ¹)
416 2893 482 2930 Fig.
505 2894 527 2921 1.
550 2892 600 2924 48.
625 2893 675 2924 [18.
703 2894 769 2931 Fig.
795 2894 832 2922 X.
859 2893 907 2924 121.
934 2893 981 2923 lli.
1011 2893 1058 2923 lli.
1082 2894 1148 2931 fig.
1173 2894 1223 2921 xl.
1249 2893 1278 2924 4.
1303 2893 1331 2923 [Ι.
1355 2892 1383 2923 [Ι.
1405 2894 1472 2932 Fig,
1497 2894 1562 2922 xlt.
1585 2894 1626 2924 2..
1662 2910 1701 2914 -
1725 2896 1753 2928 ⁴)
1777 2895 1845 2931 Fig.
1873 2894 1896 2923 1.
1922 2892 1971 2927 49,
1990 2892 2039 2922 [19.
2067 2896 2123 2919 etc.

411 2945 476 2981 Fig.
498 2945 533 2972 X.
556 2944 602 2974 15.
630 2945 678 2975 15.
703 2945 749 2975 15.
774 2962 808 2966 -
839 2943 865 2984 ⁵)
890 2945 956 2983 Fig.
978 2946 1013 2975 Χ,
1037 2945 1083 2976 16.
1106 2946 1155 2976 16.

1800 2994 1822 3027 6
