2559 3609
753 833 1613 889 PRAEFATIO·

376 1159 497 1202 luter
529 1158 677 1200 varias
709 1159 953 1200 anatomiae
984 1164 1177 1216 spartaS,
1201 1175 1312 1218 quae
1344 1175 1369 1203 a
1400 1161 1649 1205 desiderato
1680 1162 1968 1220 perfectionis
2000 1165 2087 1207 cul-

277 1235 391 1277 mine
424 1234 561 1277 adhuc
592 1233 777 1276 multum
809 1233 994 1284 distant,
1032 1237 1304 1290 anyz'oloyia
1345 1244 1612 1280 sam-iorum
1656 1239 1844 1296 primum
1874 1245 1997 1283 tenet
2029 1241 2089 1283 lo-

277 1325 387 1353 cum.
425 1311 543 1353 Dum
575 1309 729 1367 reliqui
774 1309 1089 1367 amphibiorum
1123 1310 1301 1353 ordines
1333 1326 1440 1354 suos
1471 1326 1637 1370 eosque
1681 1327 1870 1372 sagaces
1891 1315 2088 1358 cultores

271 1388 364 1444 jam
403 1386 562 1429 dudum
601 1386 878 1435 invenerint,
918 1385 970 1428 de
1009 1391 1255 1444 systemate
1297 1387 1518 1429 vasculari
1558 1389 1808 1431 sauriorum
1840 1390 1914 1432 vix
1953 1405 2003 1434 ac
2034 1406 2089 1434 ne

277 1463 353 1505 vix
396 1462 567 1519 quidem
609 1463 774 1519 primae
816 1461 956 1504 lineae
998 1461 1283 1503 adumbratae
1326 1461 1519 1505 suerunt.
1561 1463 1798 1523 Indigeuae
1840 1467 2091 1509 sauriorum

279 1539 476 1596 specieS‚
517 1538 570 1580 ob
610 1537 874 1580 mediocrem
916 1538 1114 1594 corporis
1158 1537 1522 1596 magnitudinem,
1561 1544 1605 1581 et
1646 1555 1855 1584 vasorum
1897 1556 1920 1583 e
1961 1542 2092 1585 corde

279 1614 556 1656 nascentium
596 1613 829 1656 relativam
873 1613 1147 1671 angustiam,
1180 1613 1490 1669 injectionibus
1531 1618 1791 1660 anatomicis
1829 1633 1983 1675 parum
2024 1633 2094 1676 ap-

279 1696 351 1732 tae
394 1695 525 1740 sunt,
566 1694 607 1731 et
650 1688 833 1747 grandia
875 1689 1147 1731 exoticorum
1189 1690 1476 1747 exemplaria,
1518 1705 1628 1747 quae
1661 1692 1704 1733 in
1736 1694 1903 1735 museis
1949 1693 2095 1736 zoolo-

280 1767 393 1825 gicis
425 1766 594 1808 nostris
627 1764 822 1807 alcohole
854 1770 1109 1817 servantur,
1140 1766 1390 1822 injectionis
1423 1780 1476 1808 ex
1497 1772 1603 1808 voto
1635 1768 1936 1827 contingentis
1969 1784 2093 1827 spem

284 1842 391 1885 adeo
429 1855 562 1898 saepe
600 1839 785 1890 fallunt,
816 1846 865 1882 ut
902 1841 1078 1882 nonnisi
1118 1846 1375 1884 truncorum
1419 1842 1633 1898 majorum
1674 1843 2008 1901 dispositionem
2049 1851 2093 1887 et

283 1920 467 1976 primam
500 1932 652 1959 eorum
685 1915 1045 1958 ramificationem
1089 1916 1234 1958 cultro
1273 1931 1456 1959 exarare
1499 1918 1642 1960 liceat.
1683 1918 1965 1977 Quapropter
2004 1921 2094 1962 sin-

281 1995 425 2053 gulari
468 2007 651 2035 numero
691 2007 759 2035 me
792 1992 1127 2034 benevolentiae
1159 1992 1457 2035 illustrissimi
1490 1994 1574 2035 viri
1606 1994 1784 2051 Equitis
1816 2009 1840 2037 a
1872 1995 1982 2038 Sch
1995 1998 2094 2039 rei·

282 2070 414 2112 bers
456 2068 705 2111 devinctum
745 2082 932 2118 censeo,
978 2069 1049 2125 qui
1097 2068 1198 2110 hina
1244 2069 1576 2112 Psammosauri
1613 2071 1753 2128 grisei
1796 2072 2091 2129 exemplaria,

282 2143 588 2203 praegrandia,
621 2150 664 2186 et
697 2144 799 2185 viva
839 2157 893 2185 ex
921 2144 1125 2201 Aegypto
1156 2143 1463 2187 Vindobonam
1497 2144 1668 2193 delata,
1710 2146 1964 2189 interventu
1995 2148 2091 2190 Cla-

281 2220 447 2262 rissimi
487 2218 759 2277 professoris
791 2218 834 2261 J.
867 2218 1054 2276 Hyrtl
1096 2219 1475 2263 lucubrationibus
1516 2221 1626 2263 meis
1658 2227 1786 2263 sueta
1827 2221 2092 2266 liberalitate

281 2296 517 2339 concessit.
556 2295 745 2337 Etiamsi
791 2295 969 2350 injectio
1013 2296 1277 2337 arteriarum
1317 2296 1361 2337 in
1407 2311 1493 2338 uno
1538 2302 1709 2339 tantum
1755 2298 1993 2355 specimine
2039 2299 2092 2342 ad

280 2372 541 2415 minutiores
574 2372 860 2430 propagineS,
893 2371 1175 2428 capillaribus
1214 2372 1396 2422 vicinas,
1428 2373 1756 2429 penetraverit,
1790 2379 1935 2416 tamen
1968 2380 2091 2417 tanta

281 2448 509 2507 diligentia
549 2449 648 2490 huie
693 2446 835 2489 labori
882 2461 949 2489 me
993 2448 1190 2496 accinxi,
1229 2453 1276 2490 ut
1322 2449 1364 2489 in
1397 2462 1483 2490 uno
1515 2448 1750 2498 cadavere,
1784 2447 2089 2501 absconditas,

281 2538 468 2566 accessu
500 2522 719 2577 difficiles,
752 2528 795 2565 et
826 2523 1052 2579 hucusque
1084 2523 1259 2579 penitus
1300 2524 1479 2581 ignotas
1521 2525 1782 2567 arteriarum
1816 2525 2089 2568 ramilicatio-

280 2612 360 2640 nes
392 2599 534 2655 palam
566 2598 713 2641 facere
752 2599 982 2656 potuerim.

380 2673 525 2729 Hujus
568 2674 733 2717 laboris
783 2672 997 2723 fructum,
1030 2673 1360 2717 dissertationis
1393 2676 1669 2733 inauguralis
1702 2675 1842 2720 forma
1872 2678 2088 2722 Benevoli

278 2749 484 2791 Lectoris
508 2749 673 2805 judicio
697 2749 936 2800 submitto,
969 2749 1187 2806 simulque
1227 2765 1362 2808 rogo,
1405 2766 1460 2794 ne
1499 2753 1687 2810 primum
1721 2754 1902 2809 juvenis
1940 2760 2087 2797 anato-

278 2825 376 2867 mici
412 2839 650 2876 conamen,
682 2826 749 2868 cui
792 2840 873 2868 nec
910 2825 1183 2867 voluntatem
1222 2825 1380 2870 bonam
1410 2842 1492 2871 nec
1530 2827 1791 2871 laudabilem
1823 2829 2085 2873 industriam

279 2899 475 2942 defuisse
506 2902 667 2950 sentio,
693 2902 818 2957 justo
851 2902 1067 2944 severiori
1092 2902 1257 2957 judicio
1289 2905 1493 2964 castiget.
