2559 3609
1158 436 1468 471 -28—

506 513 685 564 Ejusdem
720 527 906 550 ramorum
945 514 1005 565 qui
1033 514 1234 552 thalamum
1265 515 1425 567 opticum
1462 524 1497 554 et
1523 515 1834 569 hemisphaerium
1864 518 2053 556 cerebrale
2083 519 2227 564 adeunt,

403 570 592 621 praecipui
620 578 723 608 sunt:

557 629 586 663 l.
613 629 777 666 Arleria
805 630 1016 666 cerebralis
1038 633 1243 678 posterior
1270 633 1302 679 ¹)
1328 630 1489 668 thalamo
1517 631 1640 682 optico
1665 631 1871 670 tributaria.

552 686 584 720 2.
611 686 775 722 Arteria
808 687 1021 723 cerebralis
1058 688 1182 723 media
1219 700 1284 724 seu
1306 691 1447 736 fossae
1472 688 1601 737 Sylvii
1626 692 1669 738 ²),
1697 703 1791 741 quae
1817 690 1855 727 in
1877 690 2042 742 ejusdem
2069 691 2229 729 nominis

402 740 504 777 fossa
530 755 571 778 se
598 741 708 780 abdit.

551 800 586 835 3.
613 801 774 836 Arteria
801 802 1013 837 cerebralis
1040 804 1216 839 anterior
1242 805 1274 849 ³)
1302 801 1573 853 hemisphaerio
1612 802 1795 840 cerebrali
1831 811 1867 840 et
1893 817 2004 841 nervo
2032 805 2226 843 olfactorio

402 854 558 892 addicta.

551 914 583 948 lt.
619 914 782 949 Arteria
818 916 1040 951 chius-matis
1074 918 1125 963 ¹¹),
1162 915 1371 965 gracillima
1404 915 1600 959 arteriola,
1636 930 1728 968 quae
1766 917 1833 954 sub
1872 917 2095 968 procedente
2130 927 2223 963 orta,

401 968 614 1006 chiasmatis
650 982 849 1007 nervorum
878 971 1083 1022 opticorum
1110 972 1147 1008 in
1174 973 1372 1024 superficie
1406 972 1573 1010 inferiori
1596 988 1710 1025 usque
1728 973 1773 1011 ad
1800 976 1880 1025 ejus
1908 974 2043 1012 lineam
2071 974 2228 1012 mediam

401 1034 603 1078 proreptat,
631 1026 746 1064 donec
772 1027 906 1064 ibidem
934 1043 1015 1065 curn
1041 1043 1249 1080 synonyma
1265 1030 1419 1067 alterius
1447 1030 1576 1067 lateris
1604 1031 1774 1074 confluit,
1800 1031 2018 1083 unicumque
2039 1032 2226 1069 vasculum

400 1085 557 1128 format,
596 1084 693 1136 quod
736 1098 851 1136 prope
885 1100 1083 1123 nervorum
1121 1087 1329 1138 opticorum
1367 1101 1557 1124 secessum
1592 1102 1637 1124 ex
1670 1088 1871 1125 chiasmate
1916 1088 1952 1125 in
1988 1089 2068 1139 ipso
2103 1089 2226 1140 paullo

400 1149 488 1190 post
515 1141 763 1179 absconditur.

923 1259 965 1326 ξ.
1008 1260 1086 1311 10.
1130 1257 1347 1310 Cal-otis
1385 1264 1613 1310 externa
1649 1262 1711 1327 ⁵).

505 1365 664 1402 Carotis
690 1371 855 1402 enema
882 1369 934 1414 ⁶),
968 1366 1137 1403 omnibus
1175 1366 1305 1417 capitis
1343 1366 1518 1416 organis,
1557 1366 1757 1418 encephalo
1784 1374 1924 1404 tantum
1953 1376 2127 1418 excepto,
2167 1382 2227 1404 ar-

398 1421 513 1458 terias
540 1422 725 1471 largitur‚
754 1436 907 1473 quarum
934 1424 1120 1475 principes
1149 1427 1398 1461 maoeillarem
1425 1428 1635 1468 internum,
1664 1427 1960 1472 oplellealmicam
1989 1432 2023 1461 et
2052 1429 2227 1463 alveola-

399 1493 480 1515 rem
507 1483 749 1526 superiorem
776 1479 914 1517 sistunt
942 1483 985 1528 ⁷).

500 1537 605 1573 Pone
633 1536 927 1574 articulationem
955 1537 1125 1575 maxillae
1152 1537 1351 1583 inferioris⁷
1378 1538 1429 1575 nti
1457 1539 1553 1575 latus
1576 1552 1667 1582 sum,
1695 1546 1788 1582 nata,
1817 1552 1901 1575 osse
1929 1538 2108 1589 quadrato
2137 1553 2225 1576 eon—

398 1607 540 1639 scenso,
570 1594 606 1630 in
634 1594 750 1631 latere
777 1594 921 1631 interno
951 1595 1048 1632 ossis
1077 1595 1304 1646 zygomatici
1333 1604 1368 1632 et
1395 1609 1506 1646 super
1534 1595 1700 1632 musculo
1737 1594 1989 1632 masticatorio
2025 1610 2141 1647 usque
2180 1596 2224 1633 ad

400 1664 527 1688 cavum
554 1651 712 1688 orbitale
740 1660 951 1690 antrorsum
973 1652 1157 1698 decurrit,
1185 1666 1278 1704 pone
1306 1656 1410 1703 cujus
1437 1653 1614 1703 parietem
1640 1652 1885 1703 posteriorem
1914 1652 2069 1704 denique
2096 1653 2132 1690 in
2161 1669 2226 1691 (ιν-

397 1713 535 1747 teriam
563 1712 876 1758 opletlecclmicmn,
906 1719 941 1747 et
968 1710 1005 1747 in
1033 1713 1271 1748 aleeolarem
1297 1714 1542 1758 superiorem
1569 1710 1803 1761 dispescitur.

501 1768 541 1803 Ε
569 1770 744 1805 carolide
771 1774 937 1806 eoetemm
966 1767 1151 1818 originem
1179 1767 1336 1805 ducunt:

446 1825 474 1860 l.
501 1827 664 1862 Arteria
691 1828 916 1862 mcwillaris
942 1829 1096 1862 interna
1119 1828 1152 1872 8)
1165 1823 1210 1876 ⁹).

447 1946 472 1985 5)
508 1950 630 1977 Cro-otis
655 1954 793 1977 (ππ-(Νῆα
817 1950 983 1977 adhucdum
1008 1960 1084 1987 pone
1109 1959 1142 1977 os
1166 1950 1344 1986 quadratum
1369 1949 1553 1982 decurrens,
1578 1950 1605 1976 in
1633 1959 1749 1976 ramum
1773 1947 1961 1982 inferiorem,
1988 1950 2138 1977 arteriam
2158 1957 2222 1977 ma-

500 2003 648 2029 oeillarem
669 2003 828 2029 internam
851 2002 982 2033 scilicet,
1007 2006 1035 2029 et
1059 2002 1087 2028 in
1109 2010 1225 2028 ramum
1250 2002 1439 2038 superiorem
1464 2001 1701 2037 discedit‚quem
1726 2003 1877 2029 carotidis
1894 2003 2048 2029 externae
2072 2001 2225 2029 continua-

500 2053 611 2080 tionem
646 2053 832 2081 constituere
863 2054 985 2089 opinor,
1019 2062 1108 2089 quum
1133 2053 1308 2089 complexus
1348 2052 1530 2079 arteriarum
1562 2061 1577 2079 e
1608 2060 1692 2079 ramo
1725 2052 1894 2088 superiori,
1927 2061 2074 2079 summam
2105 2051 2223 2079 illarum

501 2112 516 2130 e
544 2113 628 2131 ramo
659 2104 797 2131 inferiori
835 2104 880 2131 bis
917 2104 1040 2131 circiter
1073 2108 1216 2139 superet,
1249 2113 1351 2131 ramus
1385 2108 1543 2139 praeterea
1576 2105 1717 2140 superior
1750 2104 1814 2131 fere
1838 2104 1916 2131 liber
1939 2108 1967 2130 et
1992 2104 2091 2131 nullos
2123 2112 2223 2130 ramos

500 2160 668 2182 memoratu
700 2155 807 2191 dignos
839 2156 997 2187 emittens,
1022 2160 1069 2182 sat
1087 2155 1177 2191 longe
1202 2155 1363 2188 decurrat,
1387 2163 1492 2182 ramus
1516 2152 1644 2183 inferior
1674 2160 1779 2183 contra
1803 2155 1903 2183 statim
1928 2156 1955 2182 in
1981 2155 2123 2192 organis,
2148 2163 2222 2190 quae

501 2207 595 2241 petit,
620 2215 652 2232 se
677 2205 782 2239 abdat,
807 2210 835 2233 et
859 2206 960 2233 statim
985 2210 1032 2233 sat
1055 2214 1164 2242 magna
1188 2206 1316 2234 dimittat
1339 2216 1431 2237 vasa,
1463 2216 1566 2234 ramus
1600 2207 1726 2243 denique
1750 2207 1877 2234 inferior
1900 2208 2041 2234 arteriae
2060 2207 2225 2233 maxillarz'

495 2258 643 2284 inem-nae
673 2256 805 2284 hominis
831 2258 910 2284 omni
944 2257 1047 2292 procul
1073 2256 1160 2283 dubio
1194 2258 1359 2284 conformis
1392 2258 1440 2285 sit.

447 2309 476 2341 ⁷]
510 2307 543 2335 Si
567 2308 603 2335 ab
636 2307 691 2335 hac
716 2309 829 2336 arteria
852 2313 921 2345 post
944 2309 1093 2335 carolidis
1118 2309 1264 2335 internae
1287 2317 1464 2341 secessum,
1482 2310 1634 2336 carotidis
1651 2309 1825 2336 communis
1840 2308 2093 2335 continuationem
2113 2308 2224 2335 consti-

499 2360 560 2392 tui,
586 2359 756 2397 dictumque
780 2364 940 2396 praeterea
969 2359 1101 2386 officium
1125 2359 1240 2395 expleri
1261 2359 1492 2395 perpendimus,
1512 2360 1637 2387 eandem
1670 2361 1803 2388 carotidi
1825 2363 1982 2387 artemiae
2002 2358 2131 2386 hominis
2155 2368 2223 2386 ana-

497 2410 597 2447 logam
629 2421 697 2438 esse
728 2412 882 2448 sequitur:
916 2411 972 2438 hoc
1004 2410 1069 2438 solo
1102 2410 1278 2438 discrimine
1310 2410 1489 2445 interjecto,
1512 2412 1607 2448 quod,
1645 2409 1687 2439 uti
1725 2420 1816 2447 snpra
1849 2414 2118 2438 commemoratum
2150 2410 2223 2442 fuit,

496 2463 586 2490 istius
616 2463 735 2499 reptilis
774 2464 890 2491 carolis
921 2467 1058 2490 cxl-lerna
1083 2463 1236 2490 arterium
1265 2463 1510 2497 ophthalmicum
1535 2463 1715 2499 suppeditat,
1740 2463 1816 2490 unde
1842 2462 1924 2489 illius
1937 2462 2099 2489 voluminis
2125 2461 2224 2488 relati-

495 2523 531 2541 ve
556 2515 644 2551 longe
671 2515 795 2550 majoris
820 2516 896 2542 ratio
920 2520 1009 2552 patet.

436 2564 461 2602 9)
485 2564 571 2593 Hanc
591 2567 735 2593 arteriam
751 2567 914 2594 max-illari
938 2568 1085 2594 internae
1104 2566 1236 2594 hominis
1258 2567 1392 2603 apprime
1420 2575 1488 2593 esse
1509 2566 1712 2602 conformem,
1738 2575 1775 2592 ex
1798 2564 1995 2602 sequentibus
2026 2567 2107 2600 patet
2134 2571 2223 2599 argu-

498 2618 622 2644 mentis:
651 2618 675 2646 1.
700 2618 770 2653 quia
793 2620 946 2645 carolidis
969 2619 1127 2645 artemiae
1146 2619 1311 2646 maximum
1336 2627 1454 2645 ramum
1481 2618 1652 2649 constituit,
1677 2617 1748 2644 adeo
1776 2617 1947 2651 insignem,
1972 2615 2049 2652 quod
2067 2614 2115 2642 vel
2142 2614 2223 2641 illius

497 2669 593 2705 ipsam
618 2669 872 2697 continuationem
893 2669 1097 2707 magnitudine
1113 2675 1256 2706 superet,
1279 2670 1307 2700 2.
1323 2670 1393 2706 quia
1408 2677 1483 2706 pone
1507 2669 1749 2697 articulationem
1771 2667 1911 2695 maxillae
1934 2664 2092 2694 inferioris
2107 2666 2223 2697 oritur,

497 2729 513 2747 a
535 2729 592 2756 qua
609 2724 769 2756 praeterea
788 2721 962 2759 obtegitur,
986 2720 1015 2751 3.
1041 2722 1111 2758 quia
1130 2730 1206 2758 pone
1230 2722 1383 2749 maxillam
1399 2721 1576 2748 inferiorem
1594 2721 1691 2757 ipsam
1710 2720 1859 2756 simulque
1879 2718 2015 2754 ejusdem
2043 2718 2079 2745 ab
2100 2716 2222 2753 angulo.

448 2824 473 2864 1)
498 2827 563 2862 Fig.
589 2827 642 2855 vl.
671 2827 717 2856 lli.
741 2828 808 2864 Fig.
835 2827 962 2856 V11.i·2.
990 2827 1035 2856 12.
1062 2842 1097 2846 —
1123 2825 1149 2865 ²²)
1176 2827 1310 2863 Fig.V1.
1337 2827 1383 2856 15.
1408 2828 1474 2863 Fig.
1498 2827 1566 2854 Vll.
1586 2826 1635 2856 13.
1662 2825 1711 2856 13.
1738 2842 1775 2846 —
1799 2824 1824 2863 3)
1850 2825 1915 2861 Fig.
1928 2824 1982 2851 vl.
1996 2822 2043 2852 17.
2066 2820 2220 2858 Fig.V11.

500 2877 608 2908 15-15.
628 2877 701 2916 -q
719 2879 856 2915 Fig.V1.
883 2879 930 2908 16.
954 2879 1020 2915 Fig.
1046 2879 1112 2905 vn.
1139 2877 1186 2908 1⁷4.
1212 2878 1261 2908 111.
1278 2894 1316 2898 —
1332 2877 1358 2915 θ)
1384 2877 1645 2916 rig.v1.1s.1e.
1664 2877 1712 2907 18.
1733 2892 1769 2897 -
1790 2876 1958 2913 origam
1976 2874 2025 2905 19.
2052 2872 2166 2904 1919.
