2559 3609
1154 469 1466 505 —18—

395 561 463 584 nae
490 546 716 599 pulmonalis
742 545 902 597 perfecte
927 546 1107 598 oppilant3
1133 570 1181 575 —
1208 547 1390 585 funiculus
1416 547 1605 586 medianus
1633 562 1734 593 vero,
1762 549 1915 587 orificiis
1938 550 2115 589 ambobus
2137 554 2222 590 atrii

393 604 466 642 sibi
492 605 647 642 invicem
675 603 844 646 admotis,
872 604 1032 656 impedit,
1060 604 1255 656 quominus
1283 605 1420 643 ostium
1446 605 1806 645 atrio-ventriculare
1833 607 2033 659 aperiatur.

499 662 625 709 Quum
666 660 748 698 ideo
775 660 871 698 unda
906 662 1110 713 sanguinis,
1137 676 1253 714 neque
1280 662 1317 699 in
1342 676 1470 700 venam
1498 663 1745 714 pulmonalem
1774 665 1943 716 regredi,
1971 680 2087 718 neque
2113 666 2223 704 etiam

395 720 432 757 in
464 718 710 756 ventriculum
739 719 911 770 protinus
937 719 1099 756 transire
1131 719 1270 771 possit,
1299 719 1428 757 exinde
1455 720 1589 771 liquet,
1617 720 1769 759 eandem
1796 722 1881 760 atrii
1908 723 2052 761 sinistri
2081 732 2222 762 tantum

394 776 515 814 sinum
536 784 660 828 petere
683 784 870 828 oportere,
898 776 969 828 qui,
996 784 1077 814 utut
1100 776 1230 813 validis
1248 777 1448 814 trabeculis
1476 777 1620 814 carneis
1642 786 1855 824 exornatus,
1883 781 2121 825 contrahitur,
2135 796 2221 819 san-

393 834 582 886 guinique,
610 842 738 871 contra
765 833 899 870 ostium
926 834 1294 871 atrio-ventriculare
1315 835 1482 886 appulso,
1508 834 1684 886 impetum
1721 843 1779 873 sat
1811 836 1971 874 validum
1998 838 2221 890 impertitur,

393 899 433 929 ut
459 891 545 928 dicti
575 891 660 928 ostii
681 891 847 928 valvulas
870 890 1043 928 deorsum
1071 891 1241 935 invertat,
1264 890 1408 943 sibique
1428 892 1583 929 liberum
1614 891 1711 929 inter
1734 892 1817 930 illas
1842 893 2008 945 expediat
2030 895 2100 932 iter
2128 900 2170 944 ¹).

494 948 602 986 Unda
629 947 845 999 sanguinis,
879 947 1019 986 duabus
1061 949 1217 987 valvulis
1245 949 1675 986 atrio-ventrieularibus
1714 950 1925 1001 patefactis,
1962 951 1999 988 in
2026 954 2220 991 ventriculi

393 1005 537 1043 sinistri
575 1020 703 1044 cavum
738 1005 866 1043 irruit:
903 1021 972 1058 quo
1006 1007 1101 1044 sacto
1133 1007 1226 1044 duae
1262 1006 1345 1044 illae
1383 1007 1572 1051 valvulae,
1617 1008 1780 1045 anterior
1817 1009 1959 1046 scilicet
1989 1009 2221 1049 elasticitatis

393 1075 481 1098 suae
510 1062 543 1098 vi
572 1075 728 1098 necnon
760 1061 1020 1113 subsequentis
1042 1063 1126 1100 atrii
1156 1063 1334 1101 diastoles
1358 1063 1515 1115 impetu,
1541 1064 1727 1115 posterior
1754 1079 1852 1109 vero,
1880 1065 1964 1103 dum
1988 1080 2008 1103 a
2028 1069 2221 1119 sanguine,

393 1119 454 1170 qui
474 1119 668 1156 ventriculi
689 1118 833 1156 sinistri
853 1119 973 1157 sinum
992 1120 1083 1172 petit
1101 1129 1209 1173 atque
1238 1121 1423 1164 distendit,
1450 1129 1626 1173 protrusa
1645 1122 1855 1169 extollitur,
1883 1124 1999 1161 altera
2027 1125 2133 1163 alteri
2155 1126 2219 1163 ad-

391 1176 538 1228 plicitae
561 1177 697 1214 ostium
724 1177 922 1214 occludunt
948 1182 989 1226 ²).

494 1234 639 1272 Eodem
667 1243 835 1288 tempore
866 1236 1020 1288 hujusce
1055 1236 1249 1274 ventriculi
1286 1237 1430 1287 systole
1455 1245 1610 1288 sequuta
1638 1245 1703 1275 est.
1732 1238 1805 1275 Hic
1837 1239 2060 1284 notandum,
2088 1240 2220 1278 undam

393 1292 588 1343 sanguinis
618 1293 682 1330 tali
710 1292 816 1330 modo
853 1293 1029 1331 directam
1069 1294 1171 1332 illum
1209 1294 1452 1331 ventriculum
1489 1293 1651 1345 ingredi,
1688 1303 1726 1332 ut
1763 1298 1841 1346 jam
1877 1310 1920 1334 ex
1951 1296 2034 1348 lege
2066 1298 2220 1349 physica

393 1349 477 1387 inde
502 1350 545 1387 ad
573 1350 683 1401 spatii
710 1350 1067 1389 i11te1·ve11trioularis
1090 1352 1207 1389 basim
1229 1351 1370 1389 reflecti
1398 1351 1540 1389 debeat.
1576 1352 1702 1400 Quum
1728 1362 1923 1404 praeterea
1949 1355 2113 1406 ejusdem
2137 1370 2218 1393 ven-

392 1407 515 1444 triculi
548 1422 685 1451 cavum,
713 1407 915 1446 directione
935 1409 1121 1454 verticali,
1149 1409 1337 1461 formaque
1361 1410 1488 1447 conica
1509 1409 1714 1461 praeditum
1741 1411 1790 1449 sit
1815 1415 1912 1463 (ejus
1940 1412 2073 1450 ostium
2104 1414 2218 1451 atrio-

391 1465 639 1502 ventriculare
652 1468 732 1516 jam
751 1466 958 1510 occlusum,
986 1466 1039 1503 uti
1060 1467 1160 1516 dixi),
1188 1467 1283 1504 unda
1301 1467 1494 1518 sanguinis
1514 1471 1550 1504 in
1570 1468 1729 1519 spatium
1754 1470 2098 1508 interventriculare
2119 1474 2218 1522 ejus-

392 1537 462 1574 que
486 1531 615 1561 contra
642 1524 761 1562 basim
791 1538 857 1562 seu
877 1524 1057 1562 fornicem
1086 1524 1224 1563 directe
1245 1526 1451 1578 projicitur.

494 1581 609 1618 Istius
635 1582 800 1632 regionis
834 1597 930 1619 nunc
958 1591 1236 1634 perscrutemur
1272 1583 1421 1620 orilieia.
1468 1583 1618 1622 Ostium
1651 1584 1735 1621 atrii
1766 1584 1906 1629 dextri,
1933 1585 2100 1623 valvulae
2131 1600 2219 1624 suae

392 1652 460 1690 ope
483 1639 526 1676 ab
556 1639 651 1677 unda
685 1640 880 1691 sanguinis
918 1640 1092 1678 arteriosi
1121 1654 1258 1692 magna
1288 1655 1369 1678 cum
1401 1640 1434 1677 vi
1469 1649 1597 1679 contra
1632 1641 1727 1679 idem
1770 1642 1961 1686 inversae,
2005 1643 2219 1681 occluditur.

393 1696 544 1735 Ostium
564 1705 690 1735 aortae
717 1698 912 1743 sinistrae,
940 1698 1111 1751 quoniam
1142 1712 1272 1736 cavum
1293 1699 1414 1736 cordis
1441 1698 1608 1736 dextrum
1636 1714 1701 1737 seu
1721 1700 1886 1738 anterius
1905 1700 2080 1745 intuetur,
2102 1702 2219 1740 eidem

391 1754 586 1805 sanguinis
608 1755 724 1793 undae
746 1764 846 1793 recta
864 1756 1081 1808 impervium
1099 1766 1166 1795 est.
1195 1757 1362 1808 Sanguis
1392 1770 1552 1794 venosus
1571 1757 1735 1809 denique,
1754 1758 1897 1808 systole
1915 1760 2111 1797 ventriculi
2129 1760 2219 1797 dex-

390 1811 439 1848 tri
468 1814 677 1863 projectus,
706 1813 845 1850 alienae
869 1814 1062 1864 sanguinis
1086 1815 1221 1858 undae,
1249 1829 1338 1866 quae
1367 1814 1494 1852 eodem
1519 1815 1697 1866 temporis
1722 1816 1882 1867 vestigio
1902 1817 2055 1854 eundem
2074 1817 2218 1869 ingres-

391 1883 479 1906 sura
499 1878 598 1907 esset
626 1871 883 1915 ventriculum,
911 1872 994 1923 plus
1016 1872 1135 1909 minus
1159 1873 1290 1910 obstat.
1315 1873 1440 1919 Quum
1461 1872 1554 1915 ideo,
1575 1872 1683 1924 spatii
1704 1872 2060 1912 interventricularis
2078 1875 2115 1912 in
2138 1876 2217 1913 basi

392 1941 456 1964 seu
476 1927 627 1972 fornice,
647 1928 914 1979 amplissimum
932 1937 1073 1967 tantum
1095 1930 1323 1982 reliquorum
1352 1930 1500 1976 ostium,
1529 1930 1617 1967 illud
1639 1935 1811 1969 arteriae
1829 1946 2044 1981 armnymae
2065 1932 2217 1976 scilicet,

392 1985 588 2036 sanguinis
609 1986 781 2023 arteriosi
803 1986 929 2029 undae,
957 1988 1101 2038 systole
1129 1988 1321 2025 ventriculi
1341 1987 1483 2024 sinistri
1499 1989 1686 2039 expulsae,
1715 1997 1842 2026 exacte
1869 1990 2037 2035 obsistat,
2064 1990 2095 2027 si
2133 2005 2216 2042 per-

391 2057 564 2094 magnam
593 2052 785 2094 praeterea
812 2044 965 2095 hujusce
993 2045 1173 2097 parietum
1206 2045 1465 2098 perpendimus
1496 2046 1589 2090 vim,
1617 2046 1810 2096 sanguinis
1836 2055 2059 2091 torrentem,
2089 2048 2217 2085 eodem

390 2100 594 2138 ventriculo
623 2103 848 2152 prOJectum‚
879 2103 1037 2139 maxima
1065 2117 1109 2140 ex
1128 2112 1233 2155 parte
1254 2104 1386 2141 saltem
1411 2104 1445 2140 in
1469 2103 1628 2155 amplum
1658 2104 1860 2149 orificium,
1889 2105 1984 2157 quod
2010 2105 2063 2142 illi
2095 2106 2218 2157 proxi-

392 2172 490 2195 mum
527 2158 671 2195 obviam
704 2159 757 2203 sit,
795 2159 830 2196 iu
860 2160 947 2197 illud
981 2165 1151 2198 arteriae
1184 2176 1400 2210 mumymae
1419 2175 1546 2212 nempe
1569 2161 1772 2199 irruturum
1794 2176 1893 2205 esse,
1922 2162 2027 2200 facile
2048 2163 2214 2200 intellec-

396 2222 434 2251 tu
456 2214 526 2252 erit
552 2221 595 2261 3).

443 2356 467 2388 ¹)
491 2353 692 2381 Multifarium
717 2352 842 2388 hujusce
866 2351 1063 2381 mechanismi
1088 2354 1245 2382 artificium
1271 2356 1296 2382 si
1321 2355 1478 2387 defuisset,
1504 2356 1681 2391 sanguinem
1705 2356 1767 2383 fere
1789 2360 1893 2388 totum,
1917 2357 1986 2383 atrii
2010 2357 2064 2383 sub
2087 2357 2212 2392 systole,

495 2409 555 2431 tuni
573 2409 694 2441 propter
720 2405 788 2431 ostii
816 2402 997 2441 pulnionalis
1021 2406 1246 2442 amplitudinem
1271 2416 1360 2443 quum
1386 2412 1507 2442 propter
1532 2407 1720 2434 valvularum
1746 2408 1773 2434 in
1800 2408 1864 2443 ipso
1884 2407 2054 2445 defectum,
2079 2417 2132 2444 per
2157 2417 2214 2435 ve-

493 2465 559 2484 nam
584 2456 784 2492 pnlmonelem
809 2456 930 2493 regredi
955 2462 1140 2493 oportuerat,

439 2506 466 2545 2)
492 2507 693 2543 Quamobrem
723 2517 799 2544 apex
823 2508 948 2535 obtusus
973 2509 1108 2536 xalvulae
1120 2506 1282 2536 anterioris
1306 2510 1488 2545 posterioris
1512 2511 1642 2546 margini
1661 2510 1757 2538 libero
1774 2511 1995 2538 semicirculari
2011 2510 2045 2537 ad
2069 2511 2214 2538 amussim

492 2559 643 2587 adhaeret.

440 2613 465 2646 ²³)
489 2612 532 2638 Ex
557 2611 646 2638 dietis
669 2615 805 2648 constat,
832 2616 941 2647 caput,
968 2616 1104 2639 truncum
1130 2616 1157 2638 et
1187 2612 1396 2639 extremitates
1427 2610 1552 2648 hujusce
1586 2613 1720 2649 reptilis,
1756 2612 1976 2640 crocodilorum
2009 2612 2044 2639 ad
2074 2614 2214 2640 similitu-

492 2662 601 2697 dinem,
618 2663 795 2699 sanguinem
816 2663 945 2689 maxima
970 2671 1007 2689 ex
1031 2667 1113 2698 parte
1139 2664 1321 2690 arteriosmn
1355 2671 1407 2699 per
1438 2663 1579 2690 arteriam
1613 2672 1811 2699 anonymam,
1837 2673 1951 2700 organa
1975 2673 2047 2691 vero
2068 2664 2213 2701 digestio·

492 2714 538 2741 nis
580 2715 759 2751 sanguinem
789 2715 887 2751 potius
926 2724 1071 2742 venosum
1109 2724 1161 2751 per
1191 2719 1306 2742 aortam
1330 2715 1484 2741 sinistram
1510 2715 1664 2751 reeipere3
1690 2724 1778 2751 quam
1810 2724 1868 2743 non
1892 2716 2043 2743 immerito
2068 2715 2212 2743 Martin

493 2765 726 2802 Saiut'Ange
748 2774 801 2793 nec
824 2776 881 2794 non
907 2772 1012 2803 postea
1037 2767 1168 2803 Mayer
1187 2765 1338 2806 (lotum.)
1363 2767 1519 2794 arterioso
1541 2766 1640 2794 foetus
1666 2767 1868 2794 inanimalium
1898 2768 2005 2795 canali
2027 2767 2211 2803 aequipara-

491 2822 576 2847 rnnt:
602 2827 659 2853 quo
691 2818 822 2850 accedit,
848 2819 1026 2855 sanguinem
1050 2819 1084 2846 ad
1109 2822 1196 2855 caput
1229 2827 1282 2854 per
1312 2818 1467 2845 arteriam
1492 2820 1665 2845 cat-otidem
1691 2823 1719 2845 et
1743 2818 1777 2844 ad
1806 2818 2015 2845 extremitates
2041 2819 2210 2846 anteriores

491 2878 544 2904 per
567 2871 705 2897 arterias
724 2871 905 2897 sumlui-ias
928 2875 1116 2907 pergentem,
1140 2871 1246 2906 quippe
1272 2870 1320 2905 qni
1346 2879 1381 2896 cx
1406 2871 1526 2896 ursei-ia
1551 2877 1711 2906 anonyma
1735 2869 1911 2905 proveniat,
1937 2870 2000 2896 fere
2025 2875 2118 2897 totum
2143 2880 2211 2897 esse

490 2922 683 2951 artericsnm.
707 2937 746 2942 —
771 2922 924 2958 Denique,
951 2921 1023 2949 bene
1054 2922 1158 2959 gnari,
1189 2925 1325 2949 naturam
1361 2920 1459 2947 omnia
1492 2924 1606 2948 certum
1639 2920 1796 2957 quemdam
1827 2920 1863 2947 ad
1892 2920 1980 2948 finem
2020 2930 2212 2957 procreasse,
