2559 3609
1137 463 1447 498 —12—

380 546 572 597 sanguinis
592 545 719 582 venosi
741 544 866 589 undae,
887 543 982 581 atrio
1004 542 1133 580 dextro
1154 543 1312 586 exeunti,
1340 542 1599 594 impedimento
1624 542 1683 587 sit,
1710 541 1904 594 quominus
1931 541 2090 579 arteriae
2109 555 2199 578 ano-

378 618 511 654 nymae
541 603 675 641 ostium
697 599 959 653 ingrediatur.)
982 602 1053 638 Est
1076 608 1196 638 autem
1217 600 1386 637 columna
1406 600 1549 637 aortica
1570 600 1756 637 musculus
1775 599 1972 652 parvuluS,
1996 598 2114 635 forma
2135 613 2198 636 co-

379 662 461 699 nica
487 660 697 712 praeditus,
725 659 931 712 lineamque
956 659 1103 696 circiter
1139 657 1259 710 quoad
1285 657 1461 694 ambitum
1486 671 1654 701 crassuS‚
1680 659 1786 708 cujus
1813 656 1912 693 basis
1939 670 2053 707 supra
2083 656 2200 693 atrio-

378 734 459 756 rum
495 727 600 771 septo
635 727 670 757 et
706 727 789 756 ante
825 718 960 755 ostium
989 717 1147 754 arteriae
1186 729 1390 764 anonymae
1425 715 1626 758 collocata,
1663 728 1755 766 apex
1791 728 1880 751 vero
1912 713 2199 751 ventriculorum

378 785 484 829 septo
520 776 703 821 adnexus,
734 784 769 814 et
799 775 1002 827 adJacentis
1028 775 1194 812 valvulae
1222 772 1594 811 atrio-ventricularis
1621 772 1773 809 dextrae
1799 772 1992 809 insertioni
2020 771 2199 822 superim-

379 835 525 886 positus
554 843 627 877 est;
662 842 885 886 quapropter
914 846 1043 882 margo
1072 831 1237 883 ejusdem
1267 830 1432 867 anterior
1462 830 1620 867 arteriae
1643 843 1844 878 anonymae
1862 829 1997 866 ostium
2018 828 2133 866 obicis
2154 827 2199 865 ad

379 893 496 930 instar
517 892 656 929 limitat.

1023 1009 1074 1040 B.
1100 1005 1276 1039 Atrium
1301 1004 1554 1038 sinistrum.

479 1103 633 1138 Atrium
657 1103 859 1138 sinim-una
885 1097 1103 1149 sanguinem
1117 1127 1126 1143 ,
1145 1111 1163 1134 e
1187 1111 1284 1135 venta
1299 1098 1520 1146 pulmonuli
1542 1103 1753 1144 receptum,
1774 1094 1809 1131 in
1832 1094 2074 1132 ventriculum
2092 1094 2203 1131 effun-

377 1158 430 1196 dit
450 1157 654 1195 sinistrum.

479 1217 574 1267 Ejus
598 1229 745 1257 cavum,
773 1214 888 1251 multo
921 1213 1039 1250 minus
1068 1227 1202 1263 capax,
1229 1226 1334 1263 quam
1361 1210 1449 1248 illud
1471 1210 1554 1247 atrii
1576 1209 1708 1254 dextri,
1732 1209 1803 1247 duo
1832 1224 1975 1262 quoque
2004 1210 2099 1247 sicut
2117 1209 2205 1246 illud

379 1277 492 1318 ostia,
521 1273 678 1311 alterum
699 1273 841 1309 scilicet
862 1285 930 1323 pro
957 1270 1150 1320 sanguinis
1173 1270 1348 1320 ingressu
1370 1282 1435 1305 seu
1470 1271 1610 1305 asilum
1637 1281 1755 1305 venae
1771 1271 2029 1315 pulmonaliS,
2050 1267 2206 1305 alterum

377 1346 444 1384 pro
469 1331 633 1382 ejusdem
657 1344 815 1380 egressu
847 1344 912 1366 seu
944 1333 1084 1366 ostilam
1110 1330 1504 1366 atrio·commedat-(³
1526 1324 1711 1376 possidetg
1740 1324 1784 1361 ab
1806 1325 1899 1362 atrio
1923 1324 2054 1361 dextro
2085 1332 2205 1362 autem

379 1389 498 1440 quoad
529 1396 755 1426 structuram
779 1402 881 1424 suam
910 1386 992 1424 ideo
1016 1385 1237 1437 praeprimis
1265 1384 1404 1427 differt,
1433 1383 1528 1435 quod
1557 1385 1636 1433 ejus
1656 1383 1776 1433 paries
1798 1382 1949 1419 sinister
1969 1390 2108 1420 tantum
2130 1390 2206 1419 tra-

378 1446 518 1484 beculis
539 1446 683 1483 carneis
703 1446 906 1482 instructus
933 1445 993 1487 sit,
1022 1444 1148 1481 dexter
1167 1452 1295 1480 contra
1315 1450 1484 1479 texturae
1511 1440 1787 1477 membranosae
1811 1448 1998 1490 aspectum
2018 1439 2204 1491 praebeat.

990 1594 1019 1617 a.
1055 1582 1244 1617 Pario-5·
1272 1582 1511 1616 interme-s·
1560 1584 1601 1623 ¹).

480 1684 624 1719 Paries
655 1685 830 1718 internas
868 1693 1027 1731 superne
1073 1678 1167 1715 ostio
1202 1692 1315 1715 venae
1350 1677 1588 1729 pulmonalis,
1623 1676 1754 1713 subtus
1792 1674 1870 1712 basi
1899 1675 2065 1712 valvatae
2094 1675 2204 1712 atrio-

378 1739 637 1777 ventricularis
666 1738 839 1775 sinistrae
868 1737 1067 1775 anterioris
1094 1736 1282 1773 limitatur.

481 1798 524 1834 ln
551 1799 627 1848 ejus
650 1803 755 1848 parte
782 1796 965 1848 superiori
986 1808 1161 1845 magnum
1189 1801 1289 1844 patet
1314 1792 1468 1837 ostium,
1497 1792 1694 1835 circulare,
1720 1791 1858 1842 absque
1896 1790 2072 1835 valvulis,
2105 1789 2199 1842 quod

380 1855 544 1907 ejusdem
568 1854 721 1906 parietis
744 1854 879 1891 interni
910 1853 1177 1890 concavitatem
1199 1851 1361 1887 intuetur
1383 1850 1404 1886 i.
1433 1864 1462 1886 e.
1488 1854 1627 1887 ostium
1655 1862 1772 1886 remae
1798 1851 2058 1896 pulmomtliS,
2088 1847 2204 1885 inter-

379 1927 537 1964 numque
577 1912 622 1949 ad
648 1912 854 1962 marginem
882 1912 962 1948 leve
996 1910 1196 1960 vestigium
1237 1909 1329 1945 sulci
1364 1908 1574 1958 cujusdam,
1615 1906 1854 1943 directionem
1890 1905 2203 1943 semicircularem

379 1971 586 2022 sequentis,
613 1970 784 2007 ostendit.
806 1970 865 2006 Ab
882 1969 949 2005 hoc
970 1969 1073 2005 sulco
1095 1967 1299 2004 exilissima
1316 1965 1497 2003 habenula
1520 1964 1738 2001 muscularis
1767 1963 1949 2013 originem
1977 1963 2085 2005 ducit,
2112 1962 2202 1999 duas

381 2029 528 2066 circiter
548 2029 663 2065 lineas
685 2028 779 2069 lata,
808 2041 899 2078 quae
925 2029 1129 2075 funiculu-s·
1152 2028 1354 2062 medianus
1381 2038 1401 2061 a
1432 2037 1487 2060 me
1518 2030 1765 2073 nuncupatur⁷
1793 2029 1964 2072 arcteque
1993 2019 2203 2071 superficiei

380 2087 547 2124 internae
567 2085 785 2129 adhaerens,
813 2100 928 2137 usque
954 2084 998 2121 ad
1032 2083 1211 2120 valvulam
1239 2081 1641 2120 atrio-x·entricularcm
1665 2079 1855 2116 sinistram
1883 2078 2105 2115 anteriorem
2123 2077 2204 2114 des-

382 2144 519 2189 cendit,
548 2158 590 2181 ac
619 2143 753 2181 ibidem
775 2157 933 2194 superne
960 2141 1157 2179 evanescit.
1170 2140 1368 2191 Ejusmodi
1399 2139 1597 2176 funiculum
1626 2137 1852 2179 medianum,
1876 2143 2017 2187 septem
2044 2135 2099 2171 vel
2119 2142 2202 2171 octo

381 2202 532 2239 funiculi
568 2202 749 2244 minores,
785 2200 956 2238 tenuibus
990 2199 1135 2236 fibrillis
1172 2199 1330 2243 similes,
1361 2211 1513 2249 quorum
1551 2196 1657 2234 alteri
1687 2193 2058 2247 perpendiculariter‚
2096 2192 2202 2230 alteri

378 2259 554 2297 arcuatim
576 2259 811 2301 delabuntur,
840 2266 1073 2308 componunt.

480 2318 523 2354 ln
559 2317 688 2354 dextro
717 2325 750 2353 et
789 2317 941 2353 sinistro
979 2316 1095 2353 latere
1130 2314 1353 2365 dimidiaque
1380 2323 1484 2364 parte
1511 2312 1695 2363 superiori
1732 2310 1911 2362 praedicti
1948 2309 2097 2346 funiculi
2124 2323 2201 2346 me-

379 2375 487 2419 diani,
514 2376 651 2412 alterae
678 2375 768 2412 duae
789 2374 990 2411 habenulae
1018 2373 1265 2416 musculares‚
1306 2371 1420 2423 priori
1456 2370 1616 2407 funiculo
1644 2369 1853 2419 subjectae,
1881 2368 2061 2413 oriuntur,
2092 2371 2200 2417 funi—

379 2436 457 2470 culi
484 2436 668 2471 laterales
689 2433 844 2484 inquam.
863 2433 911 2469 lli
941 2432 1055 2468 multo
1082 2430 1298 2468 subtiliores
1326 2437 1412 2466 sunt
1433 2443 1539 2480 quam
1561 2430 1766 2478 funiculus
1793 2428 2004 2469 mediana-s,
2032 2433 2065 2461 et
2094 2439 2112 2461 e
2133 2439 2200 2462 nu-

379 2491 536 2528 merosis
564 2498 733 2527 constant
753 2490 909 2531 fibritlis,
938 2504 1028 2542 quae
1051 2489 1191 2525 alarum
1212 2487 1257 2525 ad
1279 2487 1395 2524 instar
1414 2501 1434 2524 a
1460 2485 1579 2537 prima
1603 2483 1793 2521 discedunt
1821 2491 1853 2519 et
1880 2490 2092 2519 extrorsum
2120 2496 2200 2519 ver-

377 2562 442 2585 sus
473 2549 545 2585 cito
573 2548 642 2585 hoc
669 2548 703 2584 in
725 2548 864 2599 pariete
887 2548 1144 2585 membranoso
1172 2552 1405 2583 evanescunt.
1442 2544 1515 2580 llic
1542 2542 1740 2579 notandum
1776 2548 1979 2593 praeterea,
2016 2539 2198 2577 funiculos

379 2607 548 2644 laterales
579 2606 724 2643 minime
752 2621 771 2642 a
797 2605 1040 2643 diradiatione
1068 2604 1286 2642 librillarum
1314 2602 1463 2640 funiculi
1492 2601 1648 2638 mediani
1677 2614 1856 2637 emanare.

430 2761 454 2801 ¹)
486 2762 574 2789 Hunc
600 2762 744 2798 parietem
769 2770 822 2797 pro
849 2761 1058 2788 membranoso
1083 2760 1189 2787 habeo.
1218 2759 1293 2787 Cum
1320 2759 1400 2786 enim
1429 2757 1552 2785 funiculi
1580 2756 1769 2784 musculares
1786 2777 1792 2787 ,
1816 2756 1865 2792 qui
1889 2755 1915 2781 ei
1935 2758 2017 2782 arcte
2042 2752 2199 2780 inhaerent

482 2814 616 2851 quidem,
647 2813 699 2840 sed
726 2822 782 2840 non
808 2817 900 2840 totum
920 2812 1105 2844 obvestiunt,
1122 2816 1186 2839 utut
1207 2821 1243 2838 ex
1261 2810 1419 2837 habenulis
1435 2809 1573 2838 carnosis
1594 2808 1772 2835 exitis-simis
1791 2807 1930 2839 conflati,
1953 2810 2013 2832 tam
2037 2813 2142 2841 parum
2163 2803 2198 2830 de

481 2865 641 2902 superficie
666 2865 783 2891 interna
812 2869 996 2901 exsurgant,
1030 2868 1059 2891 ut
1081 2865 1198 2891 oculum
1225 2872 1282 2890 non
1307 2866 1455 2890 armatum
1479 2859 1694 2897 propemodum
1723 2858 1966 2892 subterfugiant,
1994 2866 2010 2884 a
2034 2857 2078 2884 sic
2108 2855 2197 2883 dictis

481 2918 652 2945 trabeculis
678 2917 805 2945 carneis
831 2917 950 2944 omnino
966 2916 1080 2944 diversi
1105 2920 1183 2944 sunt.
