2559 3609
1094 472 1402 506 —27—

446 553 542 604 Ejus
568 552 740 589 volumen
773 549 920 586 circiter
953 548 1142 586 dimidium
1170 556 1226 586 est
1251 549 1350 586 illius
1379 552 1567 587 car-otidis
1594 556 1791 587 eoeternae.
1819 548 1952 599 Longe
1977 548 2157 598 gracilior

342 624 434 662 ergo
462 623 568 661 quam
594 609 630 645 in
657 606 804 644 homine
834 606 940 643 nobis
968 606 1203 651 observatur,
1232 605 1327 656 quod
1361 620 1450 642 sane
1476 620 1549 642 non
1575 606 1800 650 mirabimur,
1820 605 1863 650 si,
1885 605 2157 657 hemisphaeria

342 666 545 705 cerebralia
571 664 701 716 quibus
722 663 805 700 talis
823 663 957 701 arteria
979 662 1193 714 praeficitur
1216 661 1252 698 in
1284 662 1477 714 reptilibus
1504 662 1697 699 admodum
1725 676 1839 713 parva
1867 676 1968 707 esse,
1994 677 2061 700 nec
2081 677 2155 700 non

341 728 526 762 arteriam
554 724 858 770 ophthalmicum,
887 734 978 771 quae
1012 720 1049 756 in
1080 719 1226 756 homine
1252 722 1332 770 ejus
1367 733 1508 757 ramum
1534 719 1738 770 principem
1770 719 1888 766 sistit,
1916 720 1985 757 hoc
2011 720 2047 757 in
2075 734 2156 772 rep-

341 780 396 818 tili
424 794 443 817 e
470 781 645 817 carotide
671 784 834 817 externa
856 777 968 821 oriri,
994 776 1308 828 perpenderimus

440 838 544 874 Pone
577 850 619 873 os
653 835 889 887 quadratum,
916 834 968 872 uti
996 834 1151 879 dictum,
1178 842 1277 879 orta,
1316 848 1357 871 os
1396 833 1587 884 occipitale
1622 833 1775 869 laterale
1800 832 1911 882 legit,
1938 846 2009 884 quo
2037 833 2153 878 sacto,

338 896 481 932 foveam
512 893 752 944 temporalem
789 900 910 936 nacta,
942 891 1149 943 ibidemque
1185 892 1347 929 canalem
1381 890 1579 928 caroticum
1611 890 1806 940 ingressa,
1833 896 2028 940 postquam
2063 889 2154 927 duas

340 959 578 994 curvatur-w,
603 952 886 988 horizontalem
906 962 1034 999 nempe
1060 956 1095 986 et
1115 952 1335 987 certic-alem
1360 948 1430 984 hoc
1454 948 1491 984 in
1518 947 1661 991 canale,
1687 947 1739 983 uti
1759 959 1911 983 necesse
1931 954 2029 990 erat,
2056 961 2154 984 com-

337 1008 467 1060 plevit,
495 1007 531 1043 in
558 1006 672 1043 cranii
699 1019 826 1042 cavum
852 1013 1037 1056 penetrat,
1064 1014 1099 1042 et
1135 1006 1248 1043 sellae
1280 1004 1442 1042 turcicae
1477 1004 1514 1040 in
1549 1004 1664 1041 latere
1691 1016 1839 1040 sursum
1872 1010 1909 1039 et
1941 1011 2154 1041 antrorsum

339 1072 509 1108 curvata,
535 1067 687 1101 tertium
715 1068 968 1099 curvaturam
991 1062 1088 1099 intra
1116 1062 1229 1099 cranii
1258 1076 1385 1099 cavum
1414 1061 1544 1106 efficit;
1581 1061 1675 1097 unde
1712 1074 1825 1111 supra
1857 1060 1962 1097 basin
1989 1061 2155 1111 ejusdem

339 1130 415 1158 tres
442 1121 590 1158 circiter
616 1134 681 1171 per
698 1119 816 1156 lineas
843 1127 1053 1156 antrorsum
1078 1133 1209 1156 versus
1236 1119 1396 1164 advecta,
1423 1132 1503 1155 cum
1531 1122 1680 1155 arteria
1702 1122 2004 1155 communicante
2019 1125 2154 1164 poste—

342 1183 442 1216 riori
467 1191 608 1215 amnem
636 1191 740 1213 suum
769 1176 939 1217 corrivat,
961 1190 1004 1213 ex
1025 1190 1177 1226 quarum
1204 1177 1391 1213 ambarum
1419 1175 1579 1226 compito
1606 1178 1755 1212 arteria
1776 1178 2062 1212 communicans
2089 1189 2155 1214 un-

340 1239 462 1272 terior
479 1237 510 1283 ¹)
538 1236 724 1271 formatur.

445 1292 603 1330 Car-otis
629 1295 781 1329 interna
808 1298 1013 1341 praeterea,
1043 1304 1162 1340 quum,
1188 1290 1307 1340 prima
1334 1297 1529 1326 curvatura
1544 1297 1709 1339 peracta,
1737 1288 1773 1324 in
1791 1287 1985 1325 secundam
2013 1289 2157 1326 abitura

341 1358 417 1393 est,
444 1363 582 1385 ramum
612 1347 814 1399 quemdam,
842 1361 948 1397 quem
975 1347 1093 1383 solum
1121 1354 1197 1383 toto
1224 1347 1261 1383 in
1289 1349 1367 1396 ejus
1397 1346 1525 1383 itinere
1547 1345 1686 1389 inveni,
1713 1345 1868 1382 emittit:

442 1408 639 1443 Arterium
658 1407 969 1453 insraorbitulem
989 1402 1024 1455 ²)
1051 1404 1208 1455 inquam.
1236 1404 1339 1440 Haec
1364 1412 1575 1440 antrorsum
1602 1411 1637 1439 et
1664 1410 1873 1439 extrorsum
1900 1402 2075 1453 procedit,
2102 1411 2154 1440 at-

341 1477 407 1514 que
444 1462 618 1499 musculis
652 1461 912 1498 masticatoriis
943 1460 1159 1512 propinquis
1196 1461 1360 1497 ramulos
1397 1460 1572 1512 quosdam
1606 1460 1811 1511 impertita,
1846 1459 1883 1495 in
1911 1473 2037 1496 cavum
2071 1460 2155 1497 inde

340 1520 517 1563 orbitale,
554 1533 620 1570 per
653 1519 900 1570 posteriorem
936 1518 1100 1569 ejusdem
1138 1526 1279 1569 partem
1314 1517 1540 1569 ingreditur,
1575 1519 1679 1568 cujus
1712 1517 1749 1553 in
1777 1515 1886 1552 fundo
1923 1516 2155 1567 potissimum

340 1585 375 1614 et
401 1576 438 1613 in
466 1575 648 1627 aliquibus
673 1576 768 1612 oculi
796 1576 973 1612 musculis
1001 1574 1206 1612 diradiatur
1224 1574 1270 1627 3).

444 1632 769 1670 Continuationem
796 1632 972 1669 carotidis
998 1632 1165 1669 internae
1192 1632 1311 1669 sistit:

439 1693 601 1728 Arteria
628 1694 914 1728 communicans
934 1694 1108 1728 anterior
1133 1693 1163 1738 ¹²)
1174 1693 1216 1738 ⁵).
1230 1690 1346 1731 Haec,
1374 1704 1480 1741 quam
1507 1704 1527 1726 a
1554 1704 1655 1726 ramo
1682 1688 1868 1725 terminali
1895 1692 2066 1725 arteriae
2093 1690 2154 1725 bu-

337 1751 469 1785 silart's
497 1747 517 1783 i.
546 1762 574 1784 e.
601 1762 622 1783 a
650 1752 951 1785 communicante
972 1751 1189 1794 posteriori
1215 1755 1251 1783 et
1277 1761 1297 1783 a
1324 1750 1499 1784 carotide
1526 1750 1678 1784 interme
1705 1746 1802 1782 inter
1825 1744 2040 1781 seinvicem
2071 1759 2155 1781 con-

338 1805 453 1841 vectis
485 1805 727 1855 compositam
754 1805 933 1847 vidimus,
961 1804 996 1841 in
1016 1812 1168 1841 externo
1196 1804 1347 1840 thalami
1370 1803 1480 1855 optici
1508 1804 1623 1840 latere
1649 1817 1766 1855 usque
1793 1802 1838 1838 ad
1863 1802 1965 1838 nervi
1991 1802 2155 1852 ejusdem

338 1862 520 1912 originem
564 1861 823 1912 progreditur,
858 1861 1063 1911 ibidemque
1103 1876 1183 1898 cum
1215 1866 1365 1898 arteria
1401 1863 1659 1908 ophthalmia-a
1695 1862 1754 1905 <ex
1790 1859 1952 1896 carotide
1986 1861 2155 1906 externa)

338 1919 488 1956 confluit
515 1923 558 1967 ⁶).

435 2092 465 2122 3.
489 2100 556 2119 cum
579 2092 666 2118 niodo
692 2092 720 2117 in
745 2092 848 2118 canale
873 2091 1025 2122 carotico,
1051 2090 1137 2117 modo
1162 2091 1189 2117 in
1214 2091 1307 2118 cranii
1331 2099 1405 2118 cavo
1429 2091 1603 2118 curvaturis
1638 2090 1814 2126 quibusdam
1847 2091 2001 2122 sinuetur,
2029 2088 2058 2118 [ι.
2089 2097 2156 2116 cum

438 2143 548 2171 dictum
573 2151 689 2174 cavum,
701 2150 822 2168 sursum
848 2146 875 2168 et
900 2146 1072 2169 antrorsum
1096 2141 1269 2174 deflectens,
1282 2141 1423 2174 intret,5.
1440 2151 1507 2169 cum
1530 2141 1632 2168 eodem
1651 2142 1680 2168 in
1695 2150 1769 2169 cavo
1793 2151 1861 2170 cum
1885 2144 2005 2170 arteria
2023 2149 2157 2169 commu—

438 2196 565 2222 nicante
585 2193 771 2231 posteriori,
792 2202 866 2229 quae
891 2202 927 2220 ex
958 2194 1088 2221 basitari
1108 2193 1233 2220 oriunda
1256 2195 1397 2221 arteriae
1417 2193 1601 2229 profundae
1624 2194 1745 2220 cerebri
1775 2192 1908 2220 hominis
1932 2194 2060 2229 analoga
2093 2196 2156 2226 est,

438 2245 588 2277 confluat,
611 2245 641 2273 6.
667 2253 734 2272 eum
761 2244 985 2280 hemisphaeria
1008 2244 1134 2279 denique
1158 2244 1324 2272 cerebralia
1347 2243 1536 2279 potissimum
1561 2243 1655 2272 adeat.
1679 2243 1807 2270 Unicum
1830 2243 1907 2270 hanc
1931 2243 2009 2270 inter
2025 2248 2054 2270 et
2070 2240 2154 2270 illam

438 2296 568 2323 hominis
591 2296 733 2324 arteriam
758 2295 920 2323 discrimen
944 2296 973 2322 in
999 2304 1034 2322 co
1052 2299 1113 2327 est,
1133 2293 1212 2332 quod
1231 2296 1317 2331 prior
1338 2295 1448 2322 nullam
1464 2294 1593 2322 dimittat
1615 2296 1766 2322 arteriam
1781 2295 2035 2329 ophthalmicum.

388 2356 414 2395 ³)
440 2357 524 2385 'Palis
550 2358 697 2385 decursus
722 2357 872 2390 conditio,
899 2356 974 2384 hanc
1000 2357 1142 2384 arteriam
1161 2357 1414 2393 inflammantem
1438 2356 1649 2388 denominare,
1668 2365 1714 2383 me
1735 2356 1908 2385 commovit.

380 2418 406 2455 ⁵)
429 2418 517 2446 Hanc
547 2419 708 2451 arteriam,
733 2427 808 2454 quae
837 2419 1067 2454 opltllcalmicae
1091 2426 1163 2453 ope,
1187 2420 1360 2446 carotidem
1386 2420 1555 2445 externam
1578 2419 1656 2445 inter
1675 2422 1703 2445 et
1725 2419 1898 2445 cat-otidem
1921 2418 2081 2444 internam
2095 2426 2153 2444 una

437 2479 504 2498 cum
527 2471 681 2506 myctica,
704 2470 734 2496 in
758 2473 842 2505 parte
863 2469 1009 2496 anteriori
1034 2469 1117 2496 basis
1138 2469 1232 2496 cranii
1257 2469 1473 2496 anastamosim
1494 2469 1606 2502 efficit,
1631 2473 1695 2497 utut
1719 2469 1963 2496 communicanti
1981 2469 2154 2502 posteriori

436 2521 627 2558 oppositam,
651 2520 702 2548 tali
727 2521 844 2548 nomine
860 2520 1047 2556 compellavi.

385 2585 412 2615 ⁸)
434 2583 565 2611 Arteria
582 2582 792 2618 ophthalmz'ca
814 2591 868 2617 pro
892 2582 1156 2610 communicantis
1173 2582 1344 2609 anterioris
1368 2579 1590 2609 continuatione
1613 2581 1768 2609 aestimari
1793 2589 1850 2607 non
1874 2584 1991 2615 potest,
2012 2581 2153 2616 quoniam

436 2634 505 2666 illa,
538 2642 596 2669 quo
626 2633 726 2670 magis
750 2643 767 2661 a
790 2642 845 2661 sua
867 2642 905 2660 ex
927 2632 1060 2661 carotide
1084 2637 1208 2660 externa
1232 2633 1350 2669 origine
1375 2636 1564 2664 removetur,
1585 2641 1620 2659 co
1644 2632 1711 2668 plus
1734 2631 1897 2659 voluminis
1921 2630 2073 2667 deperdit;
2105 2641 2153 2670 cui

437 2684 563 2717 accedit,
573 2693 676 2712 ramos
685 2683 826 2713 arteriae
836 2685 1096 2712 communicantis
1110 2685 1280 2712 anterioris
1289 2687 1462 2711 anu-orsum
1478 2692 1598 2717 versus,
1607 2683 1734 2719 ideoque
1749 2683 1844 2718 ipsam
1860 2684 2145 2711 communicantem

438 2737 632 2763 anteriorem
655 2743 771 2771 quoque
796 2740 970 2763 antrorsum
986 2743 1094 2761 versus
1106 2734 1278 2773 decurrere,
1288 2735 1317 2763 id
1341 2740 1387 2763 cst
1404 2735 1452 2763 via
1468 2737 1608 2763 arteriae
1618 2734 1847 2770 ophthalmicae
1871 2731 1993 2761 omnino
2007 2735 2153 2770 opposita·

386 2896 411 2934 1)
433 2898 636 2935 rig.v1.13.
660 2898 878 2935 Fig.Vn.11.
914 2912 940 2919 -
966 2896 993 2936 2)
1013 2898 1147 2935 Fig.vl.
1168 2900 1215 2930 12.
1232 2898 1378 2936 rig.v11.
1395 2899 1423 2929 9.
1438 2899 1468 2929 9.
1493 2914 1529 2919 -
1556 2901 1583 2934 4)
1606 2899 1673 2935 Fig.
1701 2898 1752 2925 v1.
1780 2896 1828 2927 13.
1853 2896 1919 2931 Fig.
1945 2895 2014 2923 vn.
2040 2896 2087 2925 11.

1786 2947 1807 2981 4
1834 2947 1845 2957 .
