2559 3609
1079 481 1388 516 —QYQ-

323 557 496 609 partitam
530 571 727 609 processus
754 558 894 608 spinosi
922 558 1106 596 inferioris
1145 559 1284 611 primae
1305 561 1497 597 vertebrae
1520 561 1681 598 caudalis
1709 562 1891 614 originem
1920 571 2020 600 recta
2043 563 2139 601 viam

324 630 427 653 snam
451 615 631 653 emetitur.

425 674 486 710 Ex
512 678 629 711 aorta
646 675 809 715 sacrati,
837 680 990 724 utroque
1017 673 1053 709 in
1073 673 1187 711 latere
1209 681 1284 711 tres
1312 678 1481 710 arteriae
1507 678 1685 712 sam-ales
1707 679 1894 714 laterales
1915 677 2084 714 oriuntur
2105 681 2136 724 ¹)

325 743 476 781 quarum
496 729 677 781 quaelihet
702 744 811 766 unum
838 744 986 767 ramum
1015 734 1199 778 spinalem
1223 733 1475 780 ramulosqae
1501 735 1745 769 vult-scalares
1770 734 1966 771 nonnullos
1988 734 2139 779 emittit3

323 787 384 824 alii
412 786 556 838 quidam
583 787 713 823 ramuli
742 795 931 838 praeterea
959 787 1098 838 podicis
1129 787 1318 838 regionem
1340 787 1422 824 hinc
1450 787 1531 824 inde
1558 788 1827 826 nanciscuntur.

419 844 453 881 E
489 843 704 896 quibusdam
744 852 863 882 autem
911 848 1132 883 moralibus
1173 847 1428 889 lateralibus,
1469 852 1546 882 tres
1582 853 1778 897 sequentes
1820 851 1990 884 arteriae
2026 861 2140 895 sper-

323 905 486 939 maticae
518 907 705 939 externae
741 901 1034 953 proficiscuntur.

526 956 568 1011 α)
595 961 758 996 Arteria
778 963 1012 1007 spot-marica
1032 966 1198 997 externa
1224 963 1400 996 anterior
1426 962 1588 997 sinistra
1616 958 1671 1012 2),
1702 974 1811 1011 quae,
1840 975 1884 997 ex
1910 964 2062 999 sacrati
2085 965 2141 999 la—

324 1019 440 1055 terali
459 1020 619 1053 sinistra
641 1020 771 1063 prima
793 1017 957 1061 oriunda,
984 1017 1027 1053 ab
1055 1016 1219 1067 ejusdem
1248 1015 1404 1052 nominis
1433 1016 1570 1053 arteria
1594 1015 1724 1053 dextro
1752 1017 1788 1054 in
1816 1018 1931 1055 latere
1954 1032 1996 1054 ex
2025 1022 2142 1056 iliaca

323 1081 489 1112 e.1·terna
506 1072 677 1117 dimissa,
705 1073 851 1110 minime
870 1073 1001 1111 differt.

522 1126 563 1181 β)
591 1131 754 1167 Arteria
778 1133 1012 1178 xpermatica
1040 1138 1204 1169 eoelerna
1223 1135 1424 1179 postere‘or
1449 1134 1594 1169 <lextra
1616 1130 1661 1184 ³)=
1695 1147 1796 1184 quae,
1825 1147 1843 1170 e
1869 1137 2020 1171 sacrali
2044 1138 2142 1172 late—

322 1190 401 1224 rali
427 1189 571 1224 dea-(ra
590 1190 762 1225 &canda
787 1195 886 1232 orta,
914 1195 1062 1239 tresque
1094 1188 1257 1225 ramulos
1288 1188 1449 1225 cloacam
1476 1198 1707 1240 permeantes
1740 1190 1896 1240 largita,
1921 1205 2031 1241 snper
2052 1191 2140 1229 dex-

321 1252 418 1281 tram
440 1244 556 1281 ovarii
574 1243 702 1282 tubam
731 1244 884 1281 ulterius
902 1253 1103 1296 proreptat.

524 1300 563 1353 y)
591 1304 753 1339 Arteria
774 1306 1008 1349 spermatica
1036 1310 1201 1341 aelerna
1234 1306 1437 1350 posterior
1459 1306 1621 1341 sinislra
1645 1301 1678 1355 l¹)
1706 1303 1880 1356 denique,
1909 1318 1999 1356 quae
2032 1319 2052 1341 a
2079 1320 2142 1342 sa-

323 1362 423 1396 crali
449 1362 608 1396 laterali
629 1364 790 1398 sinistra
807 1364 921 1397 tertia
942 1360 1182 1411 proveniens,
1210 1359 1442 1411 praecedenti
1469 1358 1509 1411 β)
1535 1360 1640 1411 plane
1668 1362 1868 1399 conformis
1888 1361 2017 1399 evadit.

874 1549 916 1615 §-
954 1549 1037 1600 25.
1075 1548 1297 1600 Arteria
1336 1546 1592 1599 candelis

423 1697 584 1732 Arteria
615 1698 791 1733 caaclalis
816 1694 864 1748 ⁵),
892 1703 1031 1734 nortae
1063 1700 1234 1734 εικῆ-αἰὲς
1263 1696 1573 1734 continuationem
1609 1696 1789 1738 efficiens,
1817 1696 1888 1732 (1110
1916 1696 2010 1732 inter
2032 1711 2142 1733 crura

320 1764 518 1803 processus
538 1752 679 1803 spinosi
706 1753 893 1790 inferioris
920 1754 1059 1805 primae
1083 1754 1276 1791 vertebrae
1299 1754 1453 1791 sacralis
1477 1753 1627 1790 caudam
1655 1753 1784 1795 intrat,
1811 1767 1853 1790 ac
1888 1753 2014 1790 eadem
2035 1754 2142 1804 plane

322 1808 465 1846 ratione
495 1809 655 1846 omnium
692 1810 992 1861 subsequentium
1023 1811 1276 1848 vertebrarum
1301 1811 1498 1848 sacralium
1531 1811 1659 1847 subter
1696 1824 1853 1861 corpora
1875 1810 1926 1847 ita
1958 1812 2141 1862 procedit,

322 1873 363 1902 ut
385 1866 421 1902 in
449 1865 597 1916 singulo
625 1866 824 1904 interstitio
847 1867 1097 1919 interspinoso
1120 1868 1285 1905 inferiori
1307 1883 1415 1905 111111111
1443 1867 1671 1905 solummodo
1702 1882 1843 1904 ramum
1860 1875 2015 1918 utroque
2035 1868 2071 1905 in
2090 1869 2143 1905 la-

322 1931 419 1966 tere,
447 1923 501 1960 sic
527 1923 663 1961 dictum
686 1928 919 1971 primariam
939 1923 994 1977 6),
1015 1929 1118 1977 cujus
1150 1940 1218 1977 ope
1249 1925 1293 1963 ad
1315 1926 1485 1976 singulas
1512 1925 1702 1962 vertebras
1729 1925 1945 1975 sanguinem
1971 1938 2038 1975 pro
2058 1940 2144 1962 cau-

322 1980 368 2017 da
395 1980 573 2031 largitur,
601 1981 753 2019 emittat.
777 1982 1040 2034 Unusquisque
1063 1992 1183 2020 autem
1211 1997 1345 2020 rama-5*
1362 1986 1580 2031 primarias
1603 1982 1704 2019 brevi
1726 1990 1809 2033 post
1834 1982 1868 2019 in
1897 1995 2049 2019 ramam
2076 1996 2143 2019 sa-

317 2041 515 2085 periorem
542 2038 586 2076 ad
613 2039 749 2076 caudae
777 2039 926 2076 dorsum
953 2049 988 2077 et
1018 2041 1054 2077 in
1087 2055 1237 2078 ramum
1267 2045 1510 2089 inferiorem,
1547 2040 1590 2077 ad
1619 2039 1831 2076 inferiorem
1861 2038 2023 2090 ejusdem
2055 2053 2143 2090 par-

320 2101 394 2130 tem
422 2104 648 2146 pergentem,
676 2096 849 2141 discedit,
877 2111 1030 2148 quorum
1057 2097 1348 2141 subdivisiones,
1366 2111 1477 2135 ramo
1499 2100 1641 2145 spinuli
1666 2104 1804 2134 tantum
1828 2104 1987 2147 excepto,
2007 2097 2144 2134 caudae

323 2151 501 2188 musculis
529 2152 782 2203 adsignantur.

424 2209 470 2246 A.
498 2212 648 2247 Ramus
663 2214 833 2260 inferior
851 2211 969 2262 7),(1111
995 2215 1187 2249 ramulum
1206 2216 1506 2260 interspinosam
1527 2215 1754 2261 inferiorem
1773 2209 1809 2263 8)
1830 2210 1875 2247 ad
1902 2211 2143 2248 interstitium

318 2265 609 2316 interspinosum
632 2267 785 2304 inferius
814 2268 983 2318 largitur,
1011 2268 1047 2305 in
1073 2268 1191 2319 spatio
1215 2282 1431 2320 processum
1458 2278 1715 2307 transversum
1743 2268 1838 2305 inter
1866 2275 1902 2305 el,
1927 2282 2144 2319 processum

319 2322 511 2373 spinosum
531 2323 743 2361 inferiorem
770 2325 1048 2376 comprehenso,
1062 2326 1303 2377 dispenditur.

422 2381 464 2417 Β.
491 2382 642 2418 Ramus
660 2387 843 2429 superior
865 2380 901 2433 ⁹)
925 2383 995 2433 qui,
1021 2397 1171 2420 rmmmz
1192 2388 1380 2431 spinalem
1403 2382 1455 2436 ¹⁰)
1484 2383 1640 2426 (limisit,
1667 2382 1906 2420 interstitium
1927 2382 2145 2419 intertrans-

321 2451 470 2474 versum
504 2439 612 2489 petit,
647 2439 819 2491 illicoque
845 2444 1024 2479 ramulos
1050 2445 1407 2479 intertrcm.s·ve1·.s·o.s²
1439 2437 1493 2492 ¹¹)
1521 2440 1723 2483 dimittens,
1750 2439 1793 2476 de
1820 2439 1994 2477 inferiore
2013 2454 2144 2491 corpo-

322 2495 377 2531 ris
396 2496 648 2533 vertebrarum
666 2497 758 2534 facie
782 2496 826 2534 ad
847 2498 1059 2535 eorumdem
1078 2497 1227 2535 dorsum
1252 2498 1437 2541 ascendit,
1466 2512 1507 2534 ac
1528 2497 1662 2534 ibidem
1688 2500 1884 2534 ramulum
1910 2500 2143 2544 interspino-

322 2567 408 2589 sam
427 2557 669 2600 superiorem
690 2552 742 2606 ¹2)
763 2555 973 2601 constituit3
1000 2570 1070 2607 (1110
1098 2556 1194 2592 facto
1217 2564 1427 2606 postremus
1455 2555 1513 2592 hie
1538 2569 1682 2597 ramus,
1710 2554 1946 2592 interstitium
1967 2554 2143 2605 interspi-

323 2623 454 2646 nosum
481 2611 654 2661 superius
673 2611 825 2664 denique
845 2621 991 2657 nactus,
1019 2614 1055 2650 in
1082 2613 1173 2650 duos
1195 2614 1360 2650 lurcatur
1387 2612 1567 2655 ramulos,
1598 2611 1675 2663 qui,
1703 2611 1754 2648 uti
1784 2625 1864 2648 cum
1892 2614 2056 2648 ramulis
2082 2614 2142 2648 in-

374 2811 398 2851 ι)
418 2814 485 2851 rig.
509 2814 532 2843 1.
550 2814 601 2844 57.
621 2815 671 2844 57.
699 2820 754 2843 ete.
779 2832 818 2836 -
841 2819 870 2851 2)
895 2818 961 2854 Fig.
993 2818 1016 2847 1.
1041 2817 1091 2847 58.
1124 2833 1163 2838 —
1187 2819 1215 2851 3)
1240 2819 1304 2855 rig.
1333 2818 1355 2847 1.
1384 2818 1434 2848 59.
1461 2833 1498 2838 -
1524 2815 1550 2855 ⁴)
1581 2818 1646 2854 rig.
1680 2817 1701 2844 1.
1730 2816 1779 2846 60.
1811 2832 1850 2836 —
1883 2814 1906 2853 ᾗ)
1936 2816 2008 2851 Fig.
2046 2815 2068 2841 1.
2091 2814 2142 2844 61.

427 2865 492 2901 Fig.
517 2866 585 2894 XV.
604 2866 631 2895 1.
652 2866 678 2895 ι.
704 2867 728 2897 1.
752 2884 790 2888 -
815 2867 839 2906 ⁶)
860 2870 926 2906 Fig.
946 2868 1012 2896 xv.
1033 2869 1062 2898 2.
1087 2884 1125 2889 —
1150 2867 1175 2907 ⁷)
1196 2870 1261 2906 rig.
1282 2869 1349 2897 xv,
1368 2868 1399 2898 4.
1423 2885 1463 2889 —
1486 2868 1512 2906 Β)
1532 2869 1597 2906 rig.
1614 2868 1683 2897 xv.
1703 2868 1732 2898 5.
1758 2884 1797 2888 —
1820 2866 1844 2904 ⁹)
1865 2865 1930 2903 Fig.
1954 2865 2021 2894 xv.
2047 2865 2076 2896 3.
2104 2881 2141 2886 -

428 2913 466 2951 1ο)
491 2916 556 2953 rig.
575 2915 642 2946 xv.
658 2919 687 2948 6.
711 2934 751 2939 —
776 2918 813 2958 11)
836 2921 903 2958 rig,
923 2921 991 2949 xv.
1013 2921 1043 2951 7.
1062 2920 1090 2949 7.
1115 2925 1170 2949 etc.
1195 2937 1233 2941 -
1258 2918 1297 2958 ιε)
1320 2920 1386 2958 rig.
1404 2921 1472 2949 xv.
1489 2921 1518 2950 s.
1541 2921 1572 2951 8.
