2559 3609
1163 455 1470 491 —24—

986 600 1027 667 ξ.
1066 600 1114 652 8.
1155 599 1378 651 Arteria
1419 600 1636 652 carotis.

503 709 667 744 Arteria
694 711 843 745 carolis
870 712 1081 745 commannis
1103 710 1134 755 ¹)
1155 706 1346 757 utriusque
1372 706 1501 744 lateris
1518 721 1589 744 una
1606 721 1688 744 cum
1715 707 2017 759 supi-adescripta
2052 711 2224 757 myelicm

402 764 447 801 ad
484 764 604 801 onmia
642 763 772 815 capitis
800 772 835 802 et
862 763 947 801 colli
977 778 1136 814 organa,
1164 763 1382 813 sanguinem
1410 764 1532 801 mittit.

506 820 724 872 Oesopliagi
763 828 798 857 et
833 821 1040 871 pharyngis
1077 820 1182 857 lateri
1214 820 1353 865 adsita,
1387 830 1493 872 caput
1527 836 1657 858 versus
1685 821 1926 873 progreditur
1954 836 2067 874 usque
2104 822 2148 859 ad
2181 836 2223 859 os

401 878 616 929 quadratum
645 891 709 913 seu
736 879 780 913 ad
810 877 997 914 maxillam
1024 877 1247 922 inferiorem,
1273 891 1368 929 pone
1396 893 1501 930 quam
1529 879 1565 916 in
1593 882 1805 918 carotidem
1824 883 2014 918 internam
2041 887 2078 916 et
2093 887 2219 917 eoeter-

398 950 485 974 nam
514 949 579 972 eeu
601 934 720 971 trunci
743 935 1053 972 continuationem
1074 938 1107 984 2)
1122 935 1298 972 dividitur
1310 940 1356 984 3),

500 993 626 1030 Hocce
651 1000 730 1030 toto
758 993 825 1030 snb
854 992 1030 1037 decursu,
1058 1001 1094 1030 et
1119 1001 1202 1030 ante
1229 993 1360 1030 dictam
1388 994 1690 1036 bisai-cntionem,
1718 994 1894 1032 musculis
1914 994 2087 1046 scapulae
2114 994 2221 1031 colli-

398 1064 467 1101 que
493 1064 560 1087 nec
586 1064 658 1087 non
685 1051 898 1102 oesophago
933 1059 968 1087 et
1001 1050 1185 1101 pharyngi
1222 1051 1347 1101 plures
1375 1052 1520 1103 spargit
1547 1066 1690 1097 ramos,
1719 1066 1873 1104 quorum
1901 1051 2046 1103 quidam
2074 1051 2118 1089 ad
2144 1059 2223 1089 tra-

396 1108 521 1145 cheam
550 1122 694 1160 quoque
720 1109 957 1160 perveniunt,
983 1108 1205 1160 principales
1220 1117 1340 1146 autem
1364 1118 1467 1147 sunt:

600 1163 642 1218 α)
670 1168 832 1204 Arteria
852 1170 1313 1216 oesophaqo-tracleealis
1336 1171 1537 1215 posterior
1557 1170 1599 1215 ¹¹).
1626 1167 1686 1204 Ad
1708 1167 1854 1204 tertiam
1877 1167 2024 1204 circiter
2050 1167 2222 1204 tracheae

394 1231 537 1275 partem
563 1223 775 1261 inferiorem
802 1232 893 1268 orta,
921 1224 1063 1261 sulcum
1091 1224 1564 1275 oesophago-trachealem
1600 1223 1683 1261 inde
1711 1224 1819 1275 petit,
1847 1225 1883 1261 in
1912 1238 1981 1276 quo
2009 1233 2220 1262 antrorsum

394 1294 527 1318 versus
562 1280 780 1326 decurrens,
816 1296 896 1317 enm
930 1281 1069 1318 arteria
1099 1285 1555 1331 oesophaqo—tracheali
1581 1286 1779 1319 anteriore
1807 1282 1973 1320 confluit:
2001 1297 2068 1319 suo
2097 1290 2218 1319 autem

392 1337 430 1374 in
457 1338 615 1375 decursu
642 1339 686 1375 ad
713 1339 966 1390 oesophagum
994 1347 1027 1375 et
1056 1338 1100 1375 ad
1127 1339 1311 1376 tracheam
1339 1354 1427 1377 suos
1455 1339 1614 1377 (liradiat
1642 1354 1777 1377 ramos.

595 1399 633 1444 β)
662 1399 812 1434 Ramas
831 1400 1067 1435 {racherio-us
1095 1399 1127 1445 ⁵)
1156 1397 1309 1447 organis
1337 1398 1419 1434 colli
1449 1397 1597 1434 maximi
1628 1398 1820 1442 momenti,
1848 1398 1999 1448 laryngi
2025 1411 2154 1448 nempe
2182 1405 2217 1433 et

392 1453 563 1504 linguae,
605 1468 672 1492 uec
707 1469 779 1492 non
812 1455 1020 1506 superficiei
1058 1455 1200 1493 laterali
1228 1455 1380 1506 capitis,
1419 1455 1666 1507 musculisque
1703 1455 1921 1507 quibusdam
1956 1454 2219 1491 masticatoriis

395 1511 554 1549 arterias
581 1513 800 1564 suppeditat.
827 1513 887 1550 Ad
914 1513 1058 1550 tertiam
1089 1513 1235 1550 circiter
1263 1513 1345 1550 colli
1375 1521 1514 1565 partem
1542 1513 1764 1551 anteriorem
1789 1513 1919 1557 oritur,
1947 1520 2056 1563 atque
2074 1521 2221 1549 antror-

394 1584 475 1607 sum
507 1570 727 1616 decurrens,
755 1570 920 1607 anfractu
948 1570 1103 1622 quodam
1134 1578 1344 1607 extrorsum
1378 1571 1558 1614 flectitur,
1586 1585 1631 1608 ex
1665 1586 1734 1622 quo
1763 1571 1807 1607 ad
1843 1570 2030 1607 musculos
2066 1570 2220 1621 propin—

393 1641 510 1678 guos,
537 1642 604 1664 nec
630 1642 702 1665 non
729 1629 772 1665 ad
802 1628 1133 1678 kei-atohyoideum
1154 1631 1185 1676 ⁶)
1211 1642 1300 1665 vasa
1328 1628 1626 1678 proficiscuntur.
1654 1628 1809 1679 Apicem
1831 1636 1959 1679 postea
1977 1627 2069 1679 petit
2096 1634 2219 1678 poste-

392 1685 531 1722 riorem
551 1699 664 1722 cornu
692 1685 891 1723 anterioris
927 1685 1095 1734 liyoidei‚
1131 1700 1243 1737 super
1278 1686 1373 1737 quod
1410 1694 1566 1737 quatuor
1594 1686 1742 1722 circiter
1768 1699 1833 1737 per
1861 1685 1976 1722 lineas
2003 1684 2218 1736 procedens,

393 1742 430 1779 in
466 1757 607 1780 ramum
643 1751 833 1780 externum
864 1743 883 1779 i.
915 1758 943 1780 e.
980 1747 1166 1781 arteriam
1203 1747 1453 1781 mamam-em
1482 1750 1697 1787 externam,
1726 1751 1761 1780 et
1798 1744 1835 1780 in
1863 1758 2005 1780 ramum
2034 1743 2218 1780 internum

395 1814 460 1837 seu
488 1805 676 1838 arteriam
702 1804 1189 1851 hya-‚qlosso—Iargsn-qeam
1208 1800 1438 1852 dispescitur.

593 1861 657 1907 αα)
685 1862 847 1897 Arteria
862 1862 1088 1896 vmoeillaris
1111 1865 1278 1896 esterna
1301 1856 1407 1910 ⁷).8).
1420 1859 1534 1902 Haec,
1561 1872 1674 1910 super
1702 1859 1905 1895 musculum
1932 1858 2216 1910 pterygoideum

396 1916 595 1965 (Cux-ier
622 1916 644 1955 l.
672 1918 718 1964 c.)
747 1924 894 1961 evecta,
923 1924 1005 1953 ante
1034 1924 1191 1953 meatum
1206 1916 1427 1953 auditorium
1443 1923 1635 1953 externum
1654 1915 1828 1959 ascendit,
1856 1930 2041 1967 superque
2068 1929 2216 1952 muscu-

393 1974 467 2011 lum
486 1974 725 2026 temporalem
746 1974 795 2018 (C
807 1989 829 2011 ιι
840 1989 859 2009 v
872 1974 881 2011 i
895 1988 913 2011 e
926 1989 943 2010 r
970 1975 990 2011 l.
1009 1971 1225 2025 e.)deniq{1e
1243 1977 1429 2011 arteriam
1449 1976 1700 2022 temporalem
1714 1976 1996 2024 .51q}et·s1'cialem
2012 1973 2212 2010 constituit.

495 2032 579 2069 Hoc
606 2032 642 2068 in
669 2032 800 2069 itinere
828 2032 871 2069 ab
899 2032 979 2083 ipsa
1006 2032 1236 2068 emittuntur:

545 2093 574 2126 1.
601 2092 717 2127 Rami
737 2093 953 2139 plearynyei
970 2094 1002 2138 ⁹)
1033 2090 1077 2126 ad
1104 2090 1335 2141 pharyngem
1358 2096 1614 2125 commeantes.

542 2151 574 2184 2.
602 2150 788 2185 Arteriae
811 2151 1088 2196 ptetyqoideae
1118 2150 1181 2196 ¹0),
1210 2161 1312 2198 quae,
1340 2160 1492 2183 numero
1521 2145 1610 2191 duo,
1638 2153 1695 2182 sat
1724 2159 1873 2182 crassae
1900 2159 2006 2187 vero,
2044 2146 2079 2182 in
2116 2159 2217 2181 mus-

394 2205 476 2242 culo
505 2204 669 2255 ejusdem
697 2204 854 2241 nominis
882 2219 922 2241 se
950 2204 1096 2241 abdunt.

543 2265 576 2299 3.
604 2264 765 2299 Arteria
792 2265 1041 2301 submentalis
1068 2265 1326 2311 .s·zq)erfice'ali.s·
1354 2264 1403 2308 1¹)
1432 2260 1475 2297 ad
1502 2260 1734 2311 pharyngem
1758 2259 1958 2303 destinata,
1978 2259 2214 2311 potissimum

394 2333 483 2357 vero
511 2319 554 2356 ad
586 2320 789 2357 musculum
813 2320 1074 2357 subt-maneum
1102 2319 1210 2362 colli,
1239 2320 1275 2356 in
1301 2319 1454 2370 regione
1483 2318 1711 2355 submentali.

436 2471 462 2512 ³)
489 2473 640 2501 (farotidis
664 2474 822 2501 bifurcatio
848 2483 982 2511 quoqne,
1008 2474 1062 2502 hoe
1087 2475 1113 2501 in
1139 2475 1204 2502 loco
1229 2475 1325 2507 facta,
1350 2474 1489 2510 analogia
1512 2482 1578 2500 eum
1603 2473 1654 2500 illa
1677 2472 1807 2499 hominis
1833 2482 1889 2500 non
1913 2472 2097 2501 destituitur.

444 2524 471 2563 ⁴³)
498 2527 614 2554 Czwier
645 2528 782 2553 mztsrles
805 2528 861 2553 (les
891 2528 1030 2562 reptiles,

447 2576 472 2614 Β)
497 2577 594 2613 Quum
613 2577 686 2605 haec
705 2578 817 2605 arteria
843 2575 876 2616 a)
896 2587 950 2605 sua
966 2579 994 2604 in
1015 2578 1133 2614 origine
1149 2586 1241 2613 prope
1263 2576 1403 2604 maxillae
1422 2575 1577 2602 inferioris
1596 2575 1837 2603 articulationem
1865 2576 1923 2602 sita
1956 2576 2011 2607 sit,
2037 2579 2066 2601 et
2083 2575 2145 2601 oris
2167 2583 2216 2602 an-

496 2629 601 2667 gulum
619 2638 729 2657 versus
747 2630 931 2657 subcutanea
948 2630 1105 2661 decurrat,
1125 2638 1250 2657 necnon
1269 2627 1300 2667 h)
1320 2625 1466 2656 musculis
1490 2628 1704 2655 masticatoriis
1722 2625 1893 2664 eorumqueJ
1903 2627 2133 2663 integumentis,
2153 2626 2215 2653 oris

496 2681 606 2717 angulo
632 2686 660 2708 et
684 2682 803 2718 regioni
820 2682 1001 2709 submentati
1020 2690 1095 2709 vasa
1111 2681 1279 2718 suppeditet
1299 2703 1305 2709 .
1321 2690 1385 2708 eam
1404 2685 1554 2717 tamquam
1575 2680 1732 2717 analogam
1755 2681 1894 2707 arteriae
1914 2680 2080 2707 maa-illari
2106 2682 2216 2706 exter-

496 2741 557 2759 nae
580 2732 710 2760 hominis
730 2738 891 2769 pertracto.

443 2860 472 2893 ι)
496 2859 563 2895 Fig.
588 2860 611 2889 1.
639 2859 685 2888 18.
711 2859 759 2889 19.
783 2860 849 2898 rig.
874 2859 928 2889 iv,
956 2859 984 2890 1.
1011 2859 1038 2889 1.
1065 2860 1090 2889 1.
1115 2875 1153 2880 -
1176 2857 1201 2897 2)
1226 2857 1295 2896 Fig.
1318 2859 1371 2887 Π.
1396 2859 1443 2888 1o.
1467 2874 1508 2878 —
1531 2859 1556 2894 ⁴)
1580 2860 1645 2896 rig.
1670 2857 1726 2888 IV.
1750 2858 1779 2890 3,
1803 2874 1842 2878 —
1868 2858 1892 2893 5)
1916 2858 1982 2895 rig.
2006 2857 2059 2885 iv,
2084 2856 2111 2886 ¹⁴.
2130 2855 2157 2886 ’4.
2177 2872 2215 2876 —

497 2912 525 2945 τ)
551 2911 617 2947 Fig.
642 2912 696 2941 lv.
720 2911 750 2942 5.
776 2928 813 2931 —
839 2914 868 2946 ⁹]
893 2909 960 2948 Fig.
984 2912 1037 2941 ιν.
1062 2911 1092 2940 6.
1117 2912 1144 2940 6.
1168 2927 1209 2933 —
1234 2908 1273 2949 ιο)
1298 2912 1363 2948 rig.
1388 2910 1442 2940 iv,
1465 2911 1493 2941 7.
1517 2911 1547 2941 7.
1573 2926 1612 2932 -
1636 2909 1674 2949 ¹¹)
1698 2911 1765 2948 rig.
1791 2910 1845 2939 ιν.
1869 2910 1898 2940 8.
