2559 3609
1181 454 1493 488 —30—

533 533 575 571 C.
601 536 658 571 Ex
685 536 835 570 arteria
861 534 965 570 basis
991 535 1074 570 oris
1102 535 1135 581 ¹)
1162 532 1329 584 denique,
1357 546 1448 584 quae
1475 532 1680 570 maxillaris
1715 532 1881 570 internae
1908 547 2050 572 ramum
2075 535 2250 574 termina-

430 591 500 628 lem
528 590 731 634 eonstituit‚
758 602 963 641 nomenque
980 604 1023 627 ex
1049 590 1214 640 regione,
1239 588 1301 626 ubi
1328 589 1410 640 ipsa
1435 589 1615 635 decurrit,
1640 590 1772 641 adepta
1799 598 1877 628 est:

578 650 612 684 8.
638 646 810 691 Ramuli,
838 647 898 698 qui
922 646 967 683 ad
988 647 1220 698 pharyngem
1242 660 1310 684 nec
1331 660 1404 683 non
1426 647 1471 684 ad
1495 648 1651 685 musculi
1672 648 1884 685 subcutanei
1906 648 1990 686 colli
2009 648 2250 687 insertionem

428 712 642 743 commeant.

576 764 610 799 9.
636 764 799 800 Arteria
824 763 1082 810 sublinyualis
1108 764 1141 809 2)
1168 773 1281 812 quae,
1317 759 1360 796 ad
1388 764 1576 798 arteriam
1588 764 1970 812 yenioplearynyeam
1996 763 2139 800 ramulo
2167 777 2251 801 ana-

425 819 623 856 stomotico
656 822 687 866 3)
722 819 898 863 dimisso,
928 817 1098 861 recurrit,
1125 831 1237 868 seque
1272 817 1309 853 in
1338 817 1504 854 musculo
1540 817 1750 868 hyoglosso
1778 818 1798 854 i.
1832 833 1860 855 e.
1888 819 1923 855 in
1949 827 2055 870 parte
2082 820 2249 857 inferiori

425 875 574 926 linguae
600 875 711 917 abdit,
737 875 773 911 in
801 889 888 926 qua,
915 881 955 911 ut
981 874 1139 925 primum
1163 888 1244 911 cum
1268 874 1420 911 ramulis
1448 878 1621 912 arteriae
1648 880 1813 913 raaiaae
1840 876 2052 914 consociata
2080 877 2157 921 fuit,
2182 891 2250 928 pe-

424 932 523 969 nitus
542 931 802 969 subdividitur.

576 991 629 1025 10.
664 992 827 1027 Arteria
855 991 1203 1038 *qenioplearynyea
1240 991 1273 1037 4)
1312 1002 1403 1040 quae
1439 988 1644 1026 musculum
1681 989 2251 1041 mylo—pharyngo-hyoideum

431 1045 742 1096 (mylo-hyoideo
771 1046 930 1083 hominis
959 1046 1175 1095 analogum)
1209 1045 1266 1082 cui
1295 1045 1473 1096 gracilem
1501 1046 1636 1083 emittit
1672 1050 1859 1085 arteriam
1893 1050 2250 1096 nzylo-hyoicleam,

420 1103 576 1153 trajicit,
614 1104 891 1156 museulumque
929 1103 1012 1140 inde
1046 1103 1419 1154 geniopharyngeum
1454 1111 1579 1147 nacta,
1616 1104 1652 1140 iu
1688 1103 1815 1141 eodem
1843 1112 2039 1156 postquam
2067 1105 2250 1141 ramulum

421 1161 728 1197 anastomotieum
756 1165 928 1199 arteriae
954 1163 1215 1210 sablinyaalis
1243 1161 1400 1211 recepit,
1435 1161 1604 1211 protinus
1638 1160 1864 1212 disperditur
1891 1164 1935 1209 ⁵).

570 1220 624 1254 11.
651 1220 835 1255 Arteriae
863 1221 997 1255 orales
1024 1222 1200 1254 laternae
1219 1220 1264 1264 ⁶),
1293 1231 1386 1268 quae
1413 1231 1563 1253 numero
1590 1232 1721 1254 novem
1741 1218 1785 1254 ad
1808 1218 1932 1255 decem
1954 1232 1973 1255 e
1993 1219 2107 1255 latere
2132 1219 2249 1256 inter-

421 1288 468 1310 no
497 1277 668 1311 arteriae
695 1276 800 1310 basis
827 1278 909 1310 oris·
936 1273 1116 1315 oriuntur,
1144 1281 1252 1324 atque
1279 1288 1360 1310 cum
1384 1273 1457 1309 illis
1476 1274 1629 1310 alterius
1646 1274 1772 1311 lateris
1800 1281 1998 1311 convectae
2026 1275 2144 1312 hasim
2169 1275 2247 1312 oris

420 1331 630 1381 perforant,
665 1330 903 1380 ejusdemque
929 1330 965 1366 in
994 1329 1206 1366 membrana
1233 1345 1383 1367 mucosa
1410 1330 1651 1368 diradiantur.

574 1391 626 1424 12.
652 1389 837 1424 Arteriae
865 1391 999 1424 orales
1026 1395 1213 1425 arteraae
1231 1391 1264 1435 ⁷)
1290 1402 1401 1439 quae,
1421 1387 1718 1439 praecedentium
1738 1389 2008 1438 antagonistae,
2020 1403 2249 1440 numeroque

423 1453 506 1482 oolo
543 1445 587 1481 ad
621 1444 764 1489 decem,
802 1444 971 1481 maxillae
1006 1444 1194 1481 inferioris
1227 1444 1432 1494 marginem
1465 1445 1688 1482 alveolarem
1718 1454 1873 1495 petunt,
1911 1454 2019 1497 atque
2051 1446 2246 1497 capillares

423 1503 563 1545 factae,
590 1516 707 1553 usque
737 1501 780 1538 ad
809 1515 994 1538 mucosam
1021 1503 1159 1539 oralem
1180 1515 1334 1553 quoque,
1360 1502 1595 1553 potissimum
1624 1516 1712 1539 vero
1740 1503 1785 1539 ad
1805 1503 1997 1553 gingivam
2017 1503 2247 1555 perveniunt.

469 1559 518 1596 Π.
546 1561 709 1595 Arteria
736 1562 977 1596 auriculari-s·
1000 1562 1207 1607 profunda
1233 1564 1418 1606 sapei-ior
1440 1562 1494 1608 8),
1523 1574 1614 1611 quae
1641 1560 1805 1610 ejusdem
1830 1561 2021 1598 inferioris
2049 1561 2247 1611 antagoni-

419 1623 476 1652 sta
505 1615 645 1658 evadit,
680 1618 932 1665 ramulos-que
960 1616 1154 1652 nonnullos
1182 1618 1451 1654 sabcalaaeos‘
1471 1620 1504 1665 ⁹)
1533 1616 1692 1653 (limittit.

466 1673 537 1710 III.
566 1673 678 1709 Rami
706 1673 945 1717 muscularesy
976 1673 1034 1724 qui
1060 1673 1259 1723 gracillimi
1287 1681 1373 1710 sunt.
1400 1682 1433 1711 et
1456 1674 1656 1715 musculos,
1684 1688 1796 1725 super
1820 1689 1912 1726 quos
1942 1679 2089 1713 caratis
2117 1682 2246 1713 eoeler-

417 1744 469 1768 na
497 1730 670 1771 decurrit,
699 1737 836 1781 petunt.

464 1788 531 1826 IV.
558 1790 722 1825 Arteria
748 1790 1052 1835 sapraorbilale's
1082 1791 1130 1836 ¹⁰)
1151 1792 1216 1835 ¹¹).

515 1845 630 1887 Haec,
657 1858 753 1895 pone
780 1852 921 1895 partem
950 1845 1172 1881 anteriorem
1200 1845 1297 1881 ossis
1329 1846 1564 1895 zygmnatici,
1586 1847 1724 1896 angulo
1746 1854 1848 1883 recto
1873 1860 1892 1883 e
1913 1846 2075 1883 carotide
2095 1854 2245 1883 externa

415 1915 585 1952 egressa,
611 1915 750 1952 perque
768 1901 945 1952 parietem
976 1901 1165 1938 lateralem
1194 1902 1489 1939 membranosum
1513 1903 1626 1940 cranii
1650 1903 1816 1954 ejusdem
1837 1903 1874 1939 in
1901 1918 2030 1941 cavum
2058 1903 2244 1940 intromis-

416 1973 472 2005 sa,
502 1959 536 1995 in
556 1959 684 1996 eodem
710 1973 823 2009 super
849 1959 1038 2009 encephali
1066 1959 1256 1996 involucra
1278 1973 1393 2010 prope
1421 1960 1558 1996 fossam
1586 1961 1702 2010 Sylvii
1730 1960 1905 2004 aseendit,
1933 1969 1967 1998 et
1983 1961 2144 1998 canalem
2167 1962 2244 2011 pri-

414 2031 499 2053 vum
514 2016 627 2053 durae
656 2016 785 2053 matris
815 2016 947 2060 intrat:
965 2031 1035 2067 quo
1058 2017 1201 2054 occulta
1216 2031 1328 2068 super
1341 2017 1650 2068 hemisphaerium
1665 2018 1854 2055 cerebrale
1884 2032 2106 2069 nervumque
2125 2018 2242 2055 olfac-

414 2074 551 2111 torium
580 2088 697 2125 usque
723 2074 768 2110 ad
791 2088 832 2110 os
861 2073 998 2123 unguis
1020 2074 1281 2125 progreditur3
1309 2088 1381 2125 quo
1400 2074 1507 2118 facto,
1537 2075 1634 2111 ossis
1658 2075 1796 2111 nasalis
1816 2075 1851 2111 in
1875 2076 1990 2112 latere
2010 2076 2242 2112 membrana-

416 2146 485 2182 que
513 2131 668 2182 quadam
686 2131 825 2167 fibrosa
842 2131 988 2167 obtecta
1014 2145 1033 2167 e
1054 2131 1178 2168 eramo
1204 2131 1288 2176 exit,
1317 2139 1350 2168 et
1371 2131 1526 2183 (lenique
1545 2132 1581 2168 in
1603 2146 1728 2168 ramos
1749 2132 1842 2168 duos
1869 2132 2082 2169 terminales
2101 2132 2124 2170 i.
2152 2146 2182 2168 e.
2207 2132 2243 2168 in

414 2191 603 2225 arteriam
624 2191 839 2236 frontalem
860 2188 947 2223 etin
975 2193 1163 2224 arteriam
1191 2191 1389 2225 dorsalem
1416 2194 1505 2226 nasi
1530 2190 1652 2239 paullo
1680 2197 1763 2239 post
1792 2189 1959 2232 diremta,
1987 2190 2095 2226 linem
2122 2188 2240 2225 hahet.

517 2245 578 2282 Ex
606 2249 755 2283 arteria
782 2247 1068 2292 supraorbitali
1093 2245 1286 2282 oriuntur:

512 2304 559 2340 A.
587 2302 660 2339 Ubi
686 2302 767 2353 ipsa
792 2302 889 2339 infra
916 2316 958 2339 os
979 2302 1115 2352 unguis
1143 2302 1349 2339 transitura
1371 2310 1447 2339 est:

462 2436 488 2467 ⁵)
506 2435 832 2471 Geniopharyngeum‚
857 2436 1025 2463 musculum
1051 2435 1206 2472 quemdam
1239 2435 1404 2462 levatorem
1430 2439 1458 2461 et
1486 2438 1707 2470 protractorem
1739 2434 1924 2471 pharyngis,
1948 2434 2125 2467 denomino,
2155 2434 2240 2469 cujus

514 2482 675 2513 insertioni
706 2486 850 2513 anteriori
875 2485 1036 2513 eminentia
1060 2486 1199 2513 maxillae
1224 2495 1299 2522 pone
1324 2491 1467 2517 mentum,
1490 2485 1654 2521 posteriori
1678 2494 1750 2511 vero
1774 2485 1884 2512 fundus
1908 2484 2074 2521 pharyngis
2098 2485 2240 2514 inservit.

456 2535 496 2575 ¹¹)
520 2536 606 2564 Hanc
628 2537 772 2564 arteriam
791 2537 922 2565 hominis
941 2537 1155 2573 supraorbitali
1175 2538 1334 2575 analogam
1357 2537 1464 2569 habeo,
1488 2537 1599 2573 talique
1620 2537 1740 2564 nomine
1761 2537 1882 2568 ornavi,
1907 2545 2017 2572 quum,
2035 2537 2061 2565 1.
2079 2545 2170 2572 supra
2191 2546 2240 2573 pa-

514 2589 621 2616 rietem
640 2588 755 2616 orbitae
773 2589 962 2624 superiorem
985 2589 1115 2616 maxima
1136 2598 1172 2616 ex
1187 2594 1272 2626 parte
1292 2590 1350 2616 iter
1361 2588 1472 2621 faciat,
1495 2588 1524 2618 2.
1551 2597 1641 2625 quum
1666 2588 1731 2622 ejus
1754 2597 1858 2615 ramus
1880 2588 2020 2624 princeps
2038 2588 2057 2615 i.
2075 2596 2100 2616 e.
2118 2590 2241 2615 arlere'a

515 2641 688 2667 lacrimulis
713 2648 828 2676 organa
847 2639 992 2676 quaedam
1012 2640 1126 2668 orbitae
1151 2641 1180 2668 in
1206 2650 1278 2668 cavo
1303 2641 1378 2673 sita,
1403 2640 1507 2672 adeat,
1530 2640 1559 2670 3.
1584 2648 1674 2676 quum
1698 2640 1829 2667 arteriae
1850 2636 1880 2666 in
1907 2648 1981 2676 quas
2002 2638 2145 2671 discedit,
2171 2639 2239 2666 sola

513 2691 619 2718 nasale'
635 2692 763 2718 laterali
786 2695 911 2727 excepta
929 2692 958 2718 in
974 2691 1094 2719 homine
1115 2692 1151 2719 ab
1172 2693 1293 2721 arteria
1312 2691 1536 2727 ophthalmz'ea,
1558 2701 1573 2718 e
1595 2700 1653 2728 qua
1669 2691 1735 2718 inde
1750 2692 1994 2726 supraorbitalis
2014 2690 2138 2724 secedit,
2153 2691 2237 2717 emit·

514 2746 634 2775 tantur,
659 2741 688 2771 l}-
713 2751 802 2779 quum
826 2743 902 2770 rami
927 2742 992 2778 ejus
1015 2743 1143 2780 denique
1168 2744 1345 2773 terminales
1368 2752 1383 2771 e
1407 2744 1511 2771 eranio
1537 2743 1614 2770 infra
1634 2743 1803 2780 marginem
1827 2742 2064 2770 infraorbitalem
2081 2741 2217 2769 evadant.

464 2848 491 2879 1)
513 2846 580 2883 Fig.
596 2845 652 2875 iv.
670 2846 720 2876 22.
746 2862 785 2866 -
809 2843 835 2883 2)
859 2844 991 2883 1³1ng
1014 2846 1065 2877 23.
1089 2846 1140 2877 23.
1163 2863 1201 2868 -
1226 2849 1255 2882 ³)
1278 2847 1346 2884 rig.
1365 2847 1417 2875 1v.
1441 2846 1491 2878 2⁷⁴.
1517 2863 1557 2867 —
1580 2844 1608 2884 ⁴)
1623 2846 1691 2883 Fig.
1707 2846 1762 2875 1v.
1777 2845 1829 2875 25.
1845 2844 1947 2875 εἴ).-
1965 2841 1992 2882 ⁵)
2016 2844 2082 2881 Fig.
2107 2843 2160 2872 iv.
2183 2842 2235 2874 27.

514 2913 553 2917 -
578 2895 604 2935 ⁷)
627 2897 694 2934 rig.
717 2897 772 2926 lv.
795 2897 846 2928 26.
872 2914 908 2918 —
934 2898 961 2933 ⁸)
985 2899 1051 2935 rig.
1077 2899 1129 2927 vi.
1152 2899 1203 2929 25.
1228 2895 1255 2937 9)
1279 2898 1479 2936 rigJV.11⁴
1504 2914 1541 2919 -
1567 2895 1608 2936 ¹0]
1632 2898 1703 2935 rig.
1727 2897 1782 2928 v¹.
1804 2897 1855 2927 26.
1877 2896 1928 2927 26.
