2559 3609
1167 471 1478 506 ——46—

512 554 549 602 b)
576 554 619 591 In
647 552 810 604 ejusdem
829 551 975 602 planta:

559 614 591 648 3.
618 613 819 648 Arteriam
839 614 1012 646 tara-eam
1023 610 1263 657 profundam
1278 610 1309 656 ¹)
1330 621 1422 659 quae
1440 607 1531 644 tarsi
1545 607 1836 646 articulationem
1849 621 2046 645 recurrens
2057 614 2232 658 permeat.

556 670 588 704 ll.
616 667 769 705 Alteros
793 680 929 705 ramos
955 669 1202 704 musculures
1221 671 1489 702 metatui-sees.

506 725 550 761 Β.
575 727 740 762 Arteria
760 727 1064 773 podo-peronen
1092 721 1217 775 (pedis
1234 718 1375 773 dextri)
1389 723 1434 768 2).
1462 720 1578 767 Haec,
1599 726 1674 759 reti
1687 725 1910 761 malleolum·
1930 729 2095 761 arrei-no
2111 735 2232 760 ramu-

406 780 463 818 los
477 781 621 834 aliquos
634 782 780 833 largita,
808 781 853 819 ad
881 780 1073 818 interstitii
1101 778 1301 817 interossei
1322 777 1423 815 tertii
1446 777 1634 816 dimidium
1652 779 1838 830 procedit,
1866 793 1936 831 quo
1967 780 2080 825 facto,
2108 794 2127 817 e
2150 779 2232 816 dor·

404 852 446 875 so
477 839 581 890 pedis
607 839 771 891 ejusdem
797 839 841 875 ad
879 838 1041 889 plantam
1070 845 1255 888 penetrat,
1291 835 1412 887 ibique
1447 835 1694 886 phalangeum
1733 836 1851 888 quarti
1884 837 1981 873 ossis
2019 836 2231 875 metatarsei

358 918 360 921 v
404 905 512 948 caput
538 904 661 939 nacta,
688 896 725 933 in
750 895 907 947 quinque
934 897 1106 932 arteria-s·
1123 896 1320 943 diqitales,
1348 896 1383 940 a)
1414 893 1451 929 in
1473 907 1687 942 pei-oneum
1725 893 1873 945 inquam
1904 896 2011 943 ‹liyiti
2035 897 2164 938 medii,
2190 893 2230 942 b)

404 961 439 990 et
466 956 499 1001 c)
530 953 566 990 in
601 956 766 991 tibialem
795 960 828 989 et
857 966 1073 1001 pei-oneum
1109 954 1217 1000 (ΙίμὶΙὶ
1245 953 1469 993 (menidam,
1505 950 1544 997 d)
1584 958 1618 987 et
1645 954 1681 998 e)
1716 950 1753 986 in
1784 953 1949 988 tibialem
1977 958 2012 988 et
2048 950 2084 986 in
2107 964 2231 997 pero-

401 1024 512 1048 nemn
540 1013 648 1060 ‹liyiti
668 1014 808 1048 minimi
831 1010 1003 1062 denique,
1030 1008 1194 1046 discedit.
1221 1010 1382 1045 Arteria
1400 1009 1571 1055 diyicalis
1599 1011 1810 1045 communis
1837 1010 1943 1057 ‹liyiti
1968 1010 2110 1045 minimi
2126 1021 2230 1059 prae-

400 1075 524 1113 terea,
552 1075 592 1105 ut
616 1082 718 1105 suam
751 1068 910 1118 attingat
942 1074 1095 1114 metam,
1124 1065 1168 1103 ad
1189 1073 1296 1116 caput
1316 1064 1562 1116 plialangeum
1591 1065 1705 1116 quinti
1738 1065 1834 1102 ossis
1863 1065 2075 1102 metatarsei
2104 1079 2229 1102 recur-

399 1125 460 1170 rit,
488 1125 610 1178 ibique
638 1126 682 1163 ad
709 1125 1113 1176 tarsi·articulationem
1141 1137 1205 1160 nec
1231 1136 1304 1159 non
1331 1122 1375 1159 ad
1402 1129 1482 1160 rese
1500 1125 1731 1161 malleolum
1762 1130 1966 1161 arternum
1992 1136 2135 1160 ramum
2162 1122 2225 1159 ali-

400 1197 507 1234 quem
536 1183 697 1221 dimittit.

499 1244 662 1279 Arlerin
684 1244 985 1290 podo-peronen
1002 1239 1105 1290 pedis
1131 1238 1274 1275 sinistri
1297 1241 1327 1286 3)
1356 1252 1375 1274 a
1404 1251 1518 1289 nuper
1546 1237 1730 1289 descripta
1758 1237 1861 1288 pedis
1889 1237 2008 1274 dextri
2029 1252 2072 1274 ex
2095 1252 2137 1274 eo
2161 1237 2228 1274 dif-

397 1298 478 1339 fert,
508 1298 603 1349 quod
631 1298 675 1335 ad
702 1298 793 1335 tarsi
825 1298 977 1334 dorsum
1005 1297 1041 1333 in
1068 1310 1219 1333 ramum
1253 1303 1456 1334 arternum
1473 1298 1504 1341 ¹⁴)
1544 1309 1561 1331 e
1590 1310 1659 1346 quo
1688 1299 1836 1333 (ei-{erin
1865 1298 2034 1345 diyitalis
2052 1308 2230 1342 peronen

397 1359 503 1405 ‹liyiti
530 1359 738 1394 (neraularis
761 1364 795 1392 et
823 1358 994 1404 (liqilalis
1023 1359 1234 1392 communi-s·
1262 1356 1368 1402 diffisi
1401 1357 1560 1397 minimi,
1589 1361 1695 1404 atque
1724 1353 1760 1389 iu
1797 1367 1948 1390 rrmncm
1974 1356 2166 1390 internum
2194 1354 2227 1400 ⁵)

397 1427 415 1450 e
444 1427 513 1465 quo
553 1417 702 1451 arteria
731 1416 900 1462 diqilalis
931 1426 1107 1460 peronen
1142 1414 1247 1459 diqili
1283 1413 1395 1447 medii
1429 1418 1462 1447 et
1500 1413 1671 1460 diffindi-s*
1699 1412 1840 1448 tibialis·
1878 1413 1984 1459 cliqiti
2021 1413 2228 1448 ‹timedio-is

397 1471 566 1508 oriuntur
578 1501 586 1515 ,
606 1469 778 1518 discedit.

498 1531 683 1566 Arleriae
704 1531 881 1578 diqilales
893 1530 934 1575 6).
961 1527 1042 1564 Hae
1066 1527 1100 1563 in
1114 1526 1272 1578 plantari
1300 1525 1503 1576 digitorum
1533 1525 1624 1562 facie
1652 1524 1902 1568 decurrentes,
1930 1525 1974 1562 ad
2002 1524 2226 1568 eorumdem,

396 1587 549 1624 dorsum
586 1600 657 1623 non
684 1585 791 1623 modo
822 1599 945 1622 ramos
982 1584 1064 1621 hinc
1098 1584 1180 1621 inde
1216 1584 1380 1624 mittunt,
1414 1583 1479 1619 sed
1516 1591 1551 1619 et
1584 1583 1693 1619 simul
1730 1583 1957 1619 ramulorum
1986 1582 2226 1633 quorumdam

395 1658 482 1696 ope,
518 1643 602 1695 qui,
639 1643 747 1680 modo
783 1643 941 1679 arcubus
975 1641 1295 1692 longitudinaliter
1331 1640 1637 1692 procurrentibus
1673 1640 1828 1684 sinuati,
1869 1654 1980 1691 super
2016 1639 2225 1691 phalanges

392 1710 558 1753 reptant,
585 1702 679 1739 inter
702 1715 741 1738 se
762 1701 919 1737 invicem
936 1708 1009 1737 tam
1044 1700 1175 1736 mirum
1194 1713 1300 1751 quam
1320 1699 1461 1736 varium
1491 1699 1526 1735 in
1558 1698 1703 1735 modum
1725 1697 1989 1746 retieulantur3
2017 1712 2087 1749 quo
2114 1698 2223 1739 facto,

394 1759 438 1796 ad
462 1759 597 1809 unguis
627 1759 734 1809 digiti
762 1758 958 1809 cujuslibet
983 1757 1175 1794 matricem
1202 1756 1368 1793 mirabile
1391 1764 1467 1792 rete
1489 1755 1793 1792 anastomotieum
1813 1762 2021 1794 contexunt.

496 1816 709 1853 Notandum
746 1815 899 1867 denique
933 1814 1097 1857 videtur,
1137 1814 1241 1865 pedis
1277 1822 1417 1865 partem
1451 1813 1605 1850 mediam
1636 1813 1817 1850 internam
1846 1812 1890 1849 ab
1917 1817 2067 1850 arteria
2095 1815 2224 1859 podo-

395 1876 542 1913 tibiali,
578 1873 735 1910 mediam
771 1879 957 1910 externam
982 1886 1069 1909 vero
1098 1886 1118 1908 a
1141 1874 1445 1920 podo-peronen
1466 1875 1636 1910 arteria-s·
1656 1873 1834 1919 diqitnles
1861 1871 2030 1922 accipere
2049 1873 2093 1917 ⁷).

939 1988 981 2055 ξ.
1020 1988 1103 2039 24.
1142 1987 1316 2037 Aorta
1361 1985 1590 2038 saci-alis
1627 1986 1688 2051 ⁸).

494 2098 623 2134 Aoi-tn
652 2099 823 2133 sum-alis
845 2098 877 2143 9)
908 2104 983 2133 tum
1014 2094 1251 2137 directionis,
1281 2108 1408 2144 quum,
1433 2093 1484 2129 uti
1510 2093 1605 2130 fatus
1633 2106 1735 2136 sum,
1764 2092 1961 2129 voluminis
1987 2091 2131 2128 ratione
2157 2090 2222 2127 ha-

391 2154 485 2198 bita,
512 2162 686 2205 tauquam
718 2160 858 2191 (tortae
886 2155 1142 2190 abdominalis
1166 2151 1390 2188 continuatio
1426 2151 1555 2202 procul
1587 2149 1696 2186 dnbio
1727 2150 1913 2194 habenda,
1942 2158 2049 2200 atque
2078 2149 2222 2185 interno

391 2211 592 2248 mnsculari
624 2211 774 2262 pelveos
803 2210 954 2261 parieti,
982 2210 1128 2246 cloacae
1156 2223 1290 2260 porro,
1319 2216 1351 2245 et
1381 2208 1551 2245 tubarum
1586 2207 1741 2258 denique
1770 2207 1886 2243 marii
1915 2205 2138 2243 extremitati
2168 2205 2222 2242 in-

394 2268 521 2306 feriori
550 2268 760 2307 tributaria,
788 2267 869 2304 inde
900 2267 943 2304 ab
975 2271 1211 2304 arteriarum
1239 2270 1443 2303 iliacurnm
1473 2272 1728 2302 efternarmn
1751 2278 1901 2302 secessu
1932 2278 2047 2315 usque
2078 2263 2123 2300 ad
2164 2262 2221 2299 bi-

442 2425 468 2465 ἲ)
487 2426 582 2462 Quum
608 2427 663 2455 hoc
689 2429 717 2454 in
745 2428 844 2464 reptili
869 2427 1000 2454 arteriae
1025 2430 1109 2453 artus
1131 2426 1313 2461 posterioris
1335 2434 1400 2453 eum
1422 2426 1483 2452 illis
1509 2430 1593 2452 artus
1622 2426 1777 2453 inferioris
1798 2425 1928 2452 hominis
1949 2433 2089 2461 maguam
2112 2431 2222 2456 secus,

494 2480 537 2506 uti
563 2479 713 2513 vidimus,
737 2480 765 2506 in
795 2488 908 2516 genere
937 2478 1063 2505 offerant
1091 2477 1332 2505 conformitatem
1347 2499 1354 2509 ‚
1380 2477 1575 2514 quarumdam
1592 2474 1742 2514 originem
1759 2487 1785 2504 v.
1809 2485 1858 2516 gr.
1878 2478 2018 2504 arteritze
2036 2476 2152 2502 tibialis
2168 2483 2222 2502 an-

496 2534 577 2559 ticae
597 2536 624 2558 et
641 2533 800 2567 possisne,
818 2539 871 2558 nee
899 2539 954 2557 non
972 2530 1119 2557 decursus
1136 2528 1340 2556 conditionem
1358 2538 1384 2555 v.
1401 2538 1425 2557 c.
1449 2530 1645 2556 arteriarum
1663 2529 1946 2562 cil'cumlleoearum
1964 2527 2100 2563 femoris
2127 2525 2220 2553 onini-

495 2592 531 2610 no
548 2583 685 2619 opposita
700 2581 737 2610 ad
753 2582 874 2610 easdem
894 2582 1024 2609 hominis
1046 2580 1157 2607 referri
1181 2580 1308 2615 ratione,
1327 2580 1421 2607 habeo
1441 2579 1518 2616 quod
1540 2588 1788 2607 commemorem.

446 2632 471 2672 8)
492 2634 571 2662 Huic
594 2635 741 2667 arteriae,
764 2635 882 2662 sat-ruli
912 2635 1034 2661 mediae
1058 2632 1188 2660 hominis
1219 2632 1394 2668 ceteroquin
1421 2632 1508 2670 plane
1535 2631 1699 2668 analogae,
1723 2630 1825 2667 magni
1853 2630 1900 2657 sui
1924 2629 2089 2657 voluminis
2111 2637 2219 2657 causa.

497 2691 608 2714 aoy-tae
630 2695 747 2719 nomen,
770 2685 847 2713 haud
872 2684 985 2721 absque
1003 2684 1071 2719 jure
1090 2684 1350 2720 opinor‚servavi.

444 2819 468 2857 1)
488 2821 555 2858 rig.
584 2822 636 2849 xt
650 2821 700 2851 27.
725 2837 764 2841 —
788 2818 813 2858 ε’)
834 2821 900 2857 Fig.
921 2820 972 2847 xi.
991 2818 1042 2849 28.
1060 2819 1117 2856 rig
1155 2818 1221 2846 ΧΠ.
1238 2818 1286 2847 15.
1312 2834 1350 2838 -—
1374 2815 1399 2856 3)
1422 2818 1488 2855 rig.
1508 2817 1590 2844 xm.
1608 2816 1637 2847 3.
1651 2833 1688 2837 —
1703 2815 1727 2854 ⁴)
1752 2817 1820 2853 rig,
1840 2812 1926 2845 xul.
1946 2814 1976 2843 5.
1994 2814 2061 2850 rig.
2086 2812 2169 2840 xlv.
2189 2812 2219 2841 5.

496 2889 536 2892 —
559 2870 583 2910 ⁵)
601 2873 682 2901 XIII.
701 2871 731 2903 ll.
746 2870 916 2909 Fig.x1V.
932 2870 960 2901 ll.
985 2886 1022 2891 -
1047 2868 1073 2904 ⁶)
1098 2870 1166 2907 Fig.
1186 2870 1238 2898 XI.
1256 2869 1307 2900 29.
1321 2869 1371 2899 29.
1392 2873 1449 2897 etc.
1471 2869 1538 2906 Fig.
1563 2867 1647 2896 XIV.
1670 2867 1698 2897 7.
1722 2866 1751 2896 7.
1772 2871 1826 2894 etc.
1851 2882 1890 2887 —
1913 2863 1939 2903 ⁹)
1957 2866 2024 2903 Fig.
2046 2865 2068 2894 I.
2096 2864 2147 2894 56.
2166 2863 2218 2893 56.

496 2925 564 2961 Fig.
586 2925 622 2953 X.
639 2925 669 2954 2.
