2559 3609
592 729 1059 796 Explicati
1081 744 1126 781 o
1199 731 1827 798 tabula1·u1n¹).

401 842 483 892 Fig.
512 842 541 880 l.
565 839 844 878 Psammosauri
863 848 1053 882 truncum,
1079 837 1243 875 thoracis
1271 847 1306 876 et
1332 840 1538 879 abdominis
1566 842 1667 879 cavis
1694 840 1903 892 patefactiS‚
1930 848 2119 877 monstrat.

300 899 449 950 llepar,
487 913 505 936 e
540 899 699 936 naturali
737 898 820 941 situ,
848 897 882 934 id
917 904 973 933 est
1000 895 1093 932 infra
1119 909 1193 938 cor,
1221 896 1416 940 sublatum,
1444 906 1551 950 atque
1571 898 1622 935 ita
1649 905 1860 935 extrorsum
1888 905 2059 940 versmn‚'
2080 905 2119 933 ut

304 960 383 1007 ejus
412 957 524 994 facies
559 970 723 993 convexa
749 955 878 1007 parieti
906 953 1338 991 thoracico-abdominali
1368 954 1541 1006 adJaceat.
1573 955 1650 992 Cor
1669 955 1903 992 dextrorsum
1921 954 2056 1005 paullo,
2084 962 2119 991 et

301 1028 412 1066 super
425 1013 589 1065 ejusdem
609 1013 737 1050 lateris
757 1014 965 1064 pulmonem
987 1011 1200 1048 detractum.
1227 1011 1468 1049 Ventriculus
1492 1013 1527 1049 in
1550 1012 1703 1063 regione
1730 1011 1898 1063 pylorica
1925 1011 2120 1055 dissectus,

301 1076 452 1123 ejusque
489 1079 686 1108 curvatura
724 1073 842 1121 major
878 1069 1039 1120 pulmoni
1075 1068 1228 1105 sinistro
1263 1068 1426 1120 adjacet,
1466 1084 1546 1107 cum
1575 1084 1644 1121 quo
1672 1068 1779 1106 simul
1807 1083 1827 1105 a
1854 1068 1972 1105 media
1998 1068 2120 1105 trunci

300 1129 396 1165 linea
430 1128 580 1165 removi.
618 1128 711 1164 Lien
746 1135 953 1164 extrorsum
995 1125 1181 1168 diductus,
1226 1126 1435 1178 pariterque
1473 1141 1493 1163 a
1527 1128 1693 1164 columna
1721 1126 1916 1164 vertebrali
1943 1134 2118 1163 remotus.

301 1186 519 1223 Pancreatis
543 1186 641 1222 illam
668 1193 808 1222 tantum
832 1192 972 1236 partem
997 1198 1102 1235 quam
1130 1183 1292 1234 ejusdem
1312 1184 1574 1236 ingrediuntur
1594 1185 1762 1228 arteriae,
1786 1184 1940 1221 servavi.
1970 1184 2121 1228 0varia,

301 1244 406 1280 lienis
434 1243 478 1280 ad
498 1243 644 1280 modum
672 1251 879 1280 extrorsum
916 1257 1023 1279 versa
1061 1255 1166 1278 suum
1194 1241 1237 1278 ad
1266 1242 1470 1293 marginem
1498 1243 1680 1279 internum
1717 1241 1913 1292 glandulas
1947 1254 2120 1291 suprare-

304 1301 423 1345 nales,
459 1315 548 1351 quae
585 1301 794 1337 ovariorum
824 1300 1006 1349 margine,
1035 1314 1100 1335 nec
1128 1313 1199 1336 non
1231 1314 1317 1336 vena
1342 1300 1460 1336 renali
1487 1300 1687 1337 advehente
1714 1298 1830 1336 oeulis
1858 1298 2121 1343 subducuntur,

304 1358 515 1395 recondunt.
544 1358 713 1409 Corpora
740 1358 892 1409 adiposa
919 1358 1050 1405 (lutea)
1078 1372 1182 1394 suum
1209 1358 1475 1408 propemodum
1503 1358 1613 1395 situm
1642 1366 1831 1409 occupant.
1859 1358 2005 1399 Renes,
2034 1370 2121 1392 ova-

303 1416 443 1452 riorum
480 1415 641 1452 adinstar
676 1424 886 1452 extrorsum
925 1415 1042 1457 versi,
1081 1423 1116 1451 ut
1145 1415 1343 1452 eorundem
1369 1415 1465 1452 liilus
1502 1415 1643 1452 obtutui
1672 1430 1712 1451 se
1738 1415 1921 1466 praebeat.
1958 1413 2119 1449 Pelveos

305 1487 449 1512 cavum.
477 1472 669 1509 incisionis
707 1488 773 1524 ope
811 1487 877 1524 per
903 1472 1135 1523 sympliysim
1163 1472 1329 1523 pubicam
1359 1480 1391 1508 et
1416 1472 1653 1509 ischiadicam
1681 1479 1862 1523 peractae.
1890 1470 2120 1521 patefactum.

304 1530 454 1566 s'analis
483 1530 705 1567 intestinalis
733 1530 891 1581 denique
929 1544 999 1566 una
1023 1544 1103 1566 cum
1131 1529 1361 1567 oviductibus
1389 1538 1574 1567 extractus
1603 1529 1679 1566 suit.

402 1587 527 1624 Haece
554 1588 590 1624 in
617 1588 737 1638 figura
760 1596 956 1639 sequentes
983 1590 1139 1624 arteriae
1167 1588 1363 1639 praecipue
1391 1596 1637 1638 exponuntur:
1666 1587 1709 1623 A.
1741 1586 1880 1623 Trunci
1902 1584 2077 1636 primitivi
2102 1599 2120 1621 e

303 1659 393 1682 cono
424 1644 628 1691 arterioso‚
657 1646 700 1681 Β.
726 1653 831 1682 aorta
859 1645 1046 1681 thoracica
1073 1644 1317 1689 descendens,
1345 1644 1387 1682 C.
1412 1654 1515 1682 aorta
1542 1643 1798 1688 abdominalis‚
1826 1643 1872 1680 D.
1901 1642 2120 1680 arteriarum

302 1704 493 1740 iliacarum
511 1704 702 1750 (externae
729 1703 871 1739 scilicet
898 1711 933 1739 et
960 1703 1140 1750 internae)
1168 1701 1363 1749 decursus,
1392 1703 1547 1740 maxima
1575 1718 1618 1740 ex
1646 1710 1770 1754 parte,
1799 1702 1840 1738 Ε.
1869 1708 1972 1738 aorta
1998 1714 2121 1737 sacra-

302 1762 358 1801 lis,
386 1761 427 1798 F.
456 1759 609 1811 denique
636 1774 747 1797 venae
775 1760 1010 1812 principales.

801 1856 829 1878 a.
858 1865 903 1868 —
931 1841 1167 1878 Ventriculus
1195 1842 1321 1878 dexter
1348 1841 1482 1879 cordis.

801 1900 831 1935 l).
859 1922 904 1926 —
931 1899 1063 1935 atrium
1092 1899 1271 1936 dextrum.

801 1970 830 1994 c.
857 1980 903 1983 ——
930 1956 1063 1992 atrium
1090 1956 1291 1992 sinistrum.

804 2013 835 2049 d.
862 2037 907 2040 ——
937 2013 1092 2050 trachea.

805 2084 833 2107 e.
860 2094 904 2098 ——
933 2070 1118 2107 bronchus
1146 2070 1282 2107 dexter.

813 2127 833 2163 f.
861 2151 906 2154 —
934 2128 1118 2164 hronchus
1146 2128 1304 2164 sinister.

731 2198 766 2234 g.
794 2198 829 2234 g.
856 2209 902 2212 -—
930 2185 1053 2235 pulmo
1081 2185 1217 2222 dexter.

736 2242 768 2278 h.
796 2242 827 2278 h.
855 2265 899 2269 —
925 2242 1049 2292 pulmo
1076 2243 1237 2280 sinister.

809 2300 831 2336 i.
858 2322 902 2326 ——
930 2299 1176 2350 oesophagus.

808 2360 830 2407 j.
858 2379 903 2384 —
930 2357 1166 2394 ventriculus.

806 2414 838 2451 k.
866 2438 911 2441 -—
941 2428 1129 2465 pancreas.

814 2472 834 2508 l.
860 2494 906 2499 —
934 2472 1015 2508 lien.

788 2543 833 2566 m.
861 2553 906 2555 —
934 2528 1057 2580 hepar.

802 2601 834 2623 n.
859 2609 905 2615 —
932 2586 1048 2636 cystis
1075 2586 1194 2623 fellea.

741 2658 772 2681 0.
803 2658 834 2680 o.
862 2669 905 2673 —
936 2643 1071 2680 ovaria.

743 2716 775 2752 p-
802 2715 836 2752 p,
863 2724 909 2728 —
936 2714 1092 2751 corpora
1118 2700 1225 2737 lutea.

741 2773 772 2809 q.
801 2773 831 2809 q.
857 2781 903 2786 —
930 2772 1048 2795 renes,

368 2901 390 2929 ¹)
416 2895 547 2933 Figurae
573 2898 761 2932 objectorum
783 2897 1032 2934 magnitudin-un,
1059 2902 1145 2932 prout
1169 2897 1336 2927 habebant,
1360 2898 1512 2926 referunt.
1543 2896 1656 2923 duobus
1680 2898 1817 2932 exceptis
1835 2919 1842 2929 ,
1873 2896 1906 2923 de
1931 2896 2037 2932 quibus
2065 2905 2118 2922 suo

405 2944 539 2974 tempore
566 2940 747 2967 mentionem
768 2940 885 2967 faciani.

1752 2987 1815 3021 7*
