2559 3609
1105 489 1412 523 —19—

939 601 1135 642 Pars
1196 604 1570 646 secunda.

1134 690 1382 728 Arteriae.

891 778 935 845 ξ.
982 780 1029 829 5.
1080 776 1261 831 Conus
1312 780 1628 833 arterios11S.

443 884 575 922 Trium
603 884 824 922 arteriarum
846 884 1136 936 primitivarum,
1173 891 1344 925 arteriae
1375 900 1591 936 anonymae
1615 887 1775 932 scilicet,
1803 894 1942 926 aortae
1976 891 2160 927 sinistrae

343 951 378 980 et
406 947 575 981 arteriae
596 945 836 990 pulmonalis
866 942 902 979 in
930 943 1075 993 origine
1107 943 1354 995 complexum,
1384 958 1521 982 conam
1550 947 1787 982 arteriosam
1815 947 1848 992 ¹)
1877 944 2079 982 denomino.
2107 946 2160 983 Hi

342 1008 420 1037 tres
446 1000 582 1044 trunci,
610 1013 763 1050 quorum
789 999 858 1035 duo
886 1000 1031 1050 priores
1054 1014 1073 1037 e
1093 1005 1221 1049 spatio
1240 1005 1616 1045 inter-ventriculum,
1645 1001 1777 1038 tertius
1797 1015 1885 1038 vero
1906 1015 1925 1039 e
1943 1006 2160 1041 ventriculo

342 1060 486 1095 dextro
515 1057 696 1107 originem
716 1056 869 1099 ducunt,
897 1057 993 1094 inter
1021 1058 1116 1094 atria
1136 1058 1391 1096 sinistrorsum
1420 1059 1551 1096 leviter
1573 1059 1711 1110 obliqui
1732 1072 1798 1096 nec
1816 1073 1887 1095 non
1907 1059 2044 1109 vagina
2062 1073 2159 1097 com-

342 1114 440 1151 muni
462 1114 626 1151 obvoluti
646 1121 786 1165 septem
815 1113 963 1151 circiter
993 1128 1059 1165 per
1086 1114 1202 1152 lineas
1232 1116 1542 1167 progrediuntur3
1570 1130 1640 1168 quo
1668 1116 1704 1153 in
1729 1116 1886 1153 decursu
1919 1117 2011 1154 alter
2042 1131 2158 1168 prope

339 1172 494 1208 alterum
520 1171 572 1208 ita
591 1171 653 1208 siti
680 1179 783 1213 sunt,
811 1178 851 1207 ut
872 1176 1020 1209 arteria
1037 1176 1276 1220 palmonale's
1303 1181 1515 1211 antrorsum
1546 1181 1581 1211 et
1603 1174 1866 1225 aliquantulum
1888 1174 2158 1220 sinistrorsum,

341 1236 457 1268 aorla
483 1233 643 1266 sinistra
668 1229 820 1279 hujusce
847 1228 890 1265 ad
919 1229 1014 1266 latus
1042 1229 1210 1267 dextrum
1228 1230 1331 1282 eique
1350 1231 1529 1282 parallele
1551 1230 1728 1284 (ideoque
1752 1239 1961 1269 antrorsum
1983 1234 2157 1283 quoque),

341 1291 490 1325 arteria
524 1300 717 1335 (anonyma
753 1286 907 1337 denique
936 1300 1031 1337 pone
1058 1301 1153 1324 nunc
1187 1287 1324 1333 dictas,
1356 1288 1559 1326 directione
1596 1289 1715 1339 magis
1744 1289 1935 1335 verticali,
1973 1289 2154 1327 decurrat.

341 1345 481 1395 Magna
505 1343 569 1380 illa
595 1343 667 1380 tria
696 1357 804 1387 vasa,
832 1343 934 1380 brevi
964 1344 1037 1380 isto
1065 1344 1196 1382 itinere
1225 1353 1394 1396 peracto,
1427 1346 1584 1389 ibidem,
1621 1346 1683 1383 ubi
1719 1351 1867 1385 arteria
1897 1360 2091 1395 {anonyma
2120 1347 2157 1384 in

340 1404 551 1439 carolidem
581 1414 814 1439 conmeunem
838 1409 873 1437 et
896 1401 932 1438 in
962 1409 1117 1439 aorlam
1150 1405 1329 1440 dez-tram
1362 1402 1537 1446 discedit,
1566 1416 1584 1439 e
1617 1403 1752 1453 vagina
1780 1403 1962 1441 communi
1991 1417 2157 1454 egressa,

340 1473 443 1495 suam
475 1458 558 1495 inde
586 1458 888 1510 unumquodlibet
912 1466 1041 1510 petunt
1067 1466 1210 1496 metam.
1239 1460 1494 1512 Quoadusque
1521 1468 1641 1497 autem
1671 1460 1766 1498 dicta
1795 1460 1932 1511 vagina
1951 1460 2069 1497 adhuc
2096 1460 2158 1497 ob-

338 1517 555 1558 vestiuntur,
581 1516 741 1568 parietes
767 1524 841 1553 tam
866 1525 966 1554 arcte
992 1517 1089 1554 inter
1115 1531 1155 1554 se
1182 1530 1365 1554 connexas
1388 1518 1561 1555 exhibent
1596 1526 1635 1555 ut
1664 1518 1828 1570 scalpelli
1858 1531 1925 1569 ope
1954 1531 1974 1554 a
2000 1532 2040 1555 se
2060 1518 2156 1555 invi-

339 1588 415 1611 cem
436 1573 555 1610 diduci
586 1581 783 1624 nequeant,
811 1581 1038 1625 truncusque
1075 1588 1230 1625 magnus
1258 1589 1302 1612 ex
1335 1575 1380 1612 iis
1413 1575 1661 1626 compositus,
1699 1590 1821 1614 cona-s·
1851 1579 2071 1613 arteriasus
2098 1575 2155 1613 in-

337 1645 464 1683 quam,
485 1631 594 1682 ampli
617 1639 651 1668 et
674 1630 769 1667 unici
792 1631 910 1676 vasis,
934 1631 1048 1682 septis
1080 1632 1296 1683 quibusdam
1317 1641 1393 1670 tres
1423 1633 1459 1670 in
1482 1633 1630 1670 tubulos
1658 1633 1765 1670 divisi
1786 1633 1947 1684 effigiem
1968 1632 2155 1682 praebeat,

336 1691 439 1740 cujus
458 1688 580 1739 paries
603 1688 696 1725 liber
721 1696 880 1734 tantum,
908 1692 1079 1727 arteriae
1099 1703 1313 1737 anonymae
1333 1690 1582 1741 appertinens,
1610 1690 1763 1741 majoris
1786 1689 2042 1727 crassitudinis
2064 1703 2152 1739 gra-

333 1746 384 1783 tia
406 1745 584 1795 distingui
604 1754 737 1797 potest.
765 1746 992 1797 Supradicta
1019 1760 1108 1783 vero
1129 1746 1263 1796 vagina
1289 1746 1377 1783 nihil
1414 1747 1510 1784 aliud
1548 1755 1622 1791 est,
1659 1762 1765 1799 quam
1799 1749 2012 1784 membrana
2039 1747 2149 1783 cellu-

334 1803 424 1841 laris
453 1803 628 1855 quaedam
657 1804 812 1851 (reflexa
839 1803 998 1842 fortasse
1024 1804 1161 1856 pagina
1187 1817 1317 1841 serosa
1333 1804 1562 1856 pericardii),
1590 1813 1706 1843 totum
1735 1805 1836 1842 illum
1862 1812 2029 1842 truncum
2053 1818 2154 1840 com-

333 1875 478 1899 munem
508 1868 619 1898 extus
647 1861 852 1913 ubicunque
879 1861 1084 1906 obducens,
1112 1875 1223 1913 quae,
1252 1876 1330 1898 cnm
1359 1876 1471 1913 super
1497 1863 1623 1899 sulcos
1652 1862 1925 1914 superficiales,
1954 1862 2049 1898 inter
2077 1869 2154 1898 tres

334 1919 416 1956 illas
445 1918 602 1956 arterias
631 1918 838 1970 primitivas
869 1919 1062 1956 intersitos
1084 1919 1235 1962 transit,
1275 1919 1437 1955 crassior
1467 1919 1524 1964 fit,
1553 1927 1588 1956 et
1612 1933 1746 1970 parvas
1778 1918 1977 1956 eorundem
2001 1919 2151 1954 lacunas

332 1977 440 2029 plane
457 1976 578 2028 explet
599 1979 641 2025 2).

435 2035 561 2081 Quum
580 2034 734 2086 denique
754 2034 825 2072 tria
845 2049 979 2085 magna
1004 2049 1091 2072 vasa
1117 2034 1160 2071 de
1185 2034 1317 2086 quibus
1345 2047 1490 2077 sermo,
1518 2047 1584 2070 sua
1610 2033 1894 2085 unumquodque
1920 2032 1956 2069 in
1984 2031 2151 2082 origine,

331 2092 431 2129 bulbi
458 2092 503 2128 ad
529 2091 646 2129 instar
672 2092 929 2142 protuberent,
956 2101 1086 2130 trunco
1115 2091 1159 2128 ab
1187 2091 1278 2142 ipsis
1305 2091 1508 2142 composito
1538 2091 1692 2128 sormam
1730 2092 1811 2142 plus
1839 2090 1959 2127 minus
1987 2090 2151 2127 conicam

331 2149 524 2202 praebent,
558 2147 654 2185 haud
686 2148 876 2200 indignam
904 2163 995 2202 quae
1027 2149 1108 2186 coni
1135 2148 1306 2187 arteriosi
1334 2149 1480 2186 nomine
1500 2148 1749 2200 compelletur.

431 2294 565 2330 miraque
588 2298 745 2330 praeterea
776 2294 840 2321 suis
871 2294 899 2320 111
930 2294 1071 2331 operibus
1095 2292 1287 2328 simplicitate
1312 2293 1471 2325 excellere,
1491 2292 1554 2327 jam
1579 2292 1686 2320 exinde
1707 2291 1885 2319 concludere
1909 2291 2094 2327 poterimus,
2119 2292 2147 2318 in

433 2345 522 2374 corde
545 2346 783 2373 Psammosaurt'
805 2346 902 2380 yrisei
930 2350 981 2373 aut
1004 2345 1088 2381 plane
1113 2344 1223 2371 nullam
1252 2344 1410 2380 sanguinis
1434 2344 1576 2372 arteriosi
1601 2349 1629 2371 et
1652 2344 1757 2371 venosi
1782 2343 1845 2370 dari
1876 2343 2058 2375 mixturam,
2083 2347 2146 2374 aut,

432 2398 458 2424 si
483 2406 538 2433 qua
561 2396 663 2429 detur,
698 2397 804 2424 saltem
827 2405 883 2423 non
908 2397 1093 2433 perfectam,
1117 2396 1205 2423 talem
1233 2405 1306 2422 vero
1332 2401 1402 2423 tunc
1425 2395 1562 2427 denium,
1588 2399 1745 2431 postquam
1776 2398 1863 2430 caput
1887 2397 1916 2420 et
1939 2393 2148 2420 extremitates

429 2449 598 2476 anteriores
634 2448 781 2485 sanguine
813 2447 880 2484 plus
905 2449 1003 2475 minus
1036 2452 1205 2484 oxygenato
1230 2446 1373 2482 trajectae
1398 2447 1529 2479 fuerunt,
1553 2447 1740 2483 contingere.
1771 2446 1888 2473 Etenim
1911 2445 2047 2481 profecto
2079 2453 2148 2481 ope-

431 2509 481 2527 rae
503 2501 629 2535 pretium
654 2508 709 2526 nou
735 2504 816 2532 erat,
847 2499 970 2534 hujusce
996 2499 1111 2535 reptilis
1135 2499 1217 2526 cordi
1243 2503 1425 2526 structuram
1450 2506 1538 2525 secus
1563 2498 1615 2525 illa
1639 2497 1841 2525 inanimalium
1864 2497 1928 2523 fere
1952 2496 2145 2523 artificiosi«)-

431 2561 503 2583 rem,
527 2552 646 2587 utrique
670 2555 771 2578 nortae
796 2555 894 2578 autem
918 2551 1031 2587 privam
1057 2551 1186 2578 seorsim
1219 2550 1370 2586 originem
1387 2572 1395 2583 ,
1426 2554 1453 2576 et
1483 2549 1659 2576 ulteriorem
1696 2549 1723 2575 in
1755 2548 1901 2584 profundo
1935 2547 2061 2583 deniqne
2080 2546 2144 2574 tho-

430 2604 508 2631 racis
546 2603 611 2630 cavi
648 2603 886 2634 anastomosim,
925 2603 1044 2639 largiri.
1079 2617 1118 2622 —-
1140 2601 1275 2636 Hujusce
1303 2601 1424 2638 capituli
1448 2600 1483 2628 ad
1515 2601 1627 2628 calcem
1657 2600 1806 2635 adjectum
1836 2599 1945 2632 velim,
1970 2607 2021 2626 cor
2047 2607 2145 2634 psam-

428 2656 562 2682 mosauri
585 2655 681 2691 grisei
705 2654 740 2681 de
763 2654 921 2690 reptilibus
945 2654 1035 2682 corde
1059 2653 1289 2681 biventriculari
1325 2652 1469 2689 praeditis
1487 2674 1494 2686 ,
1530 2652 1565 2680 ad
1599 2652 1667 2685 illa,
1699 2660 1773 2688 quae
1804 2651 1924 2679 unicum
1953 2654 2066 2678 tantum
2096 2657 2144 2677 ca-

426 2714 494 2732 vum
532 2706 733 2733 ventriculare
766 2706 914 2743 offerunt,
947 2705 1127 2741 pedetentim
1145 2704 1306 2731 transitum
1343 2704 1496 2740 expedire,

374 2755 399 2793 Ἰ)
424 2756 559 2791 Hujusce
587 2761 756 2784 structurae
791 2765 900 2790 causa,
925 2757 950 2783 si
975 2765 1048 2783 vasa
1081 2756 1154 2784 haec
1185 2763 1272 2783 cerea
1296 2756 1421 2783 materie
1445 2755 1553 2790 injecta
1575 2760 1745 2791 spectamus
1772 2752 1854 2792 (Fig.
1886 2754 1907 2780 1.
1931 2750 1994 2787 2),
2018 2757 2143 2780 truncus

429 2809 533 2836 unicus
558 2809 585 2835 111
611 2813 738 2844 quatuor
758 2816 860 2835 ramos
884 2808 1098 2841 discessurus,
1123 2806 1230 2834 adesse
1254 2806 1384 2835 videtur.

378 2927 400 2957 ¹)
424 2927 489 2963 Fig.
514 2927 534 2955 Ι.
559 2927 588 2956 ’2.
