2559 3609
1163 471 1475 508 —ijS-...

406 560 709 598 tertransversis
737 568 881 608 quoque
901 554 959 599 fit,
983 552 1237 591 vertebrarum
1257 565 1477 604 processus,
1506 549 1721 602 quibuscum
1748 547 1843 586 idem
1870 547 2059 600 possident
2078 563 2208 587 nomen
2223 579 2231 593 ‚

406 614 668 669 propemodum
686 620 968 666 persequuntur.

717 792 758 859 ξ.
798 791 882 843 26.
920 789 1252 858 Systematis
1289 786 1480 840 venosi
1517 785 1828 856 fragmenta
1867 787 1927 855 ¹).

507 935 685 983 Systema
704 945 882 968 venosum
909 944 928 967 e
955 930 1074 967 tribus
1101 929 1334 981 potissimum
1362 942 1537 965 venarum
1564 928 1834 978 complexibus,
1865 941 2019 979 quorum
2047 927 2118 964 duo
2147 926 2168 964 i.
2200 941 2231 964 e.

405 1006 502 1030 rena
530 1005 629 1029 cava
647 992 832 1037 superior
864 996 899 1025 et
927 1002 1023 1026 vena
1044 1002 1142 1025 cava
1167 989 1335 1035 inferior
1361 986 1397 1023 in
1429 986 1550 1023 sinum
1576 1000 1751 1023 venosum
1779 986 1934 1038 ideoque
1961 994 1997 1023 et
2033 985 2069 1022 in
2097 984 2231 1021 atrium

404 1049 594 1089 dextrum,
621 1047 754 1084 tertius
782 1054 903 1083 autem
936 1045 959 1082 i.
995 1059 1024 1082 e.
1058 1058 1155 1083 rema
1180 1047 1421 1093 pulmonule's
1454 1043 1489 1080 in
1514 1044 1648 1081 atrium
1675 1044 1867 1082 sinistrum
1894 1044 2101 1088 confluunt,
2129 1056 2232 1079 com-

403 1106 562 1157 ponitur.

505 1163 552 1200 Α.
583 1164 688 1200 Vena
706 1174 804 1198 cava
819 1162 1029 1208 superior?
1040 1158 1147 1195 Hanc
1162 1166 1359 1209 sequentes
1387 1159 1549 1196 efficiunt,
1576 1173 1688 1196 venae
1703 1163 1740 1196 1⁰
1769 1162 2123 1209 1÷enaj2cfflcla1·is2)
2137 1172 2229 1211 quae

404 1220 486 1258 illas
512 1219 596 1257 colli
619 1226 726 1270 atque
754 1217 883 1269 capitis
911 1216 1067 1266 colligit,
1095 1219 1146 1253 2⁰.
1176 1229 1272 1252 rema
1298 1218 1500 1253 subc-lavia
1526 1219 1560 1265 3)
1589 1231 1682 1268 quae
1712 1232 1755 1254 ex
1789 1218 2022 1255 extremitate
2051 1215 2230 1254 anteriori

405 1277 544 1321 oritur,
572 1284 608 1313 et
636 1279 686 1313 3⁰.
718 1289 814 1313 rem(
838 1277 1081 1322 pulmomdls
1111 1276 1287 1310 (ulterior
1313 1287 1377 1310 seu
1405 1278 1574 1322 propria
1601 1279 1632 1323 ¹³)
1669 1275 1843 1327 denique,
1863 1289 1955 1327 quae
1980 1289 2024 1312 ex
2052 1273 2230 1311 anteriori

404 1334 587 1386 pulmonis
612 1341 717 1384 parte
735 1346 884 1369 sursum
902 1331 1042 1375 exsilit3
1069 1344 1140 1382 quo
1168 1330 1263 1368 sacto
1291 1330 1401 1368 haece
1429 1331 1464 1368 in
1491 1332 1646 1382 regione
1668 1333 1838 1378 circiter,
1866 1342 1901 1370 et
1927 1342 2083 1384 utroque
2112 1333 2149 1369 in
2177 1332 2231 1368 la-

404 1400 503 1436 tere,
530 1398 607 1428 tres
643 1389 966 1441 supradescriptae
991 1402 1105 1425 venae
1143 1388 1178 1425 in
1214 1396 1383 1425 truncum
1421 1390 1566 1426 unicum
1602 1391 1793 1441 quemdam
1832 1405 1957 1428 amnes
1992 1405 2080 1428 suos
2116 1388 2231 1426 corri-

403 1458 504 1494 vant,
530 1449 552 1485 i.
581 1463 610 1485 e.
638 1448 674 1484 in
693 1462 827 1485 venam
853 1449 1129 1484 immmlmllum
1148 1452 1178 1494 5)
1204 1460 1295 1497 quae
1314 1446 1351 1483 in
1372 1447 1493 1483 sinum
1513 1461 1691 1485 venosum
1713 1449 1812 1495 (atrii
1836 1449 1975 1496 dextri)
1995 1447 2205 1484 effunditur,

506 1507 549 1543 B.
580 1508 685 1544 l'emc
708 1508 948 1553 pulmonalis·
977 1502 1012 1556 θ)
1041 1519 1155 1555 (plac,
1184 1504 1234 1541 uti
1269 1505 1573 1548 commemoravi,
1610 1506 1646 1542 in
1681 1506 1814 1543 atrium
1844 1507 2036 1543 sinistrum
2074 1504 2229 1554 sangui-

404 1578 486 1601 nem
518 1578 624 1601 suum
655 1563 791 1607 desert,
829 1577 849 1599 a
878 1566 1098 1610 pulmonali
1125 1565 1269 1599 derha
1301 1560 1337 1612 ⁷)
1371 1571 1477 1614 atque
1512 1578 1532 1600 a
1562 1568 1783 1611 pulmonuli
1814 1569 1975 1602 sireis-(ra
2014 1561 2050 1615 8)
2087 1564 2229 1600 forma-

402 1630 483 1667 tur,
512 1636 603 1673 quae
631 1621 773 1663 ultima,
801 1620 884 1672 quia
903 1620 1096 1657 ventriculi
1117 1620 1298 1670 originem
1324 1621 1472 1671 trajicit,
1495 1621 1599 1658 valde
1625 1622 1834 1672 longiorem
1860 1636 1902 1658 ac
1930 1622 2032 1673 prior
2060 1620 2231 1658 emetitur

402 1693 509 1717 Vlanl.

506 1738 546 1774 (ἲ.
578 1739 683 1774 Vemc
714 1750 810 1773 cuca
839 1739 1008 1784 inferior
1037 1738 1082 1784 ⁹).
1109 1736 1280 1786 Sanguis
1317 1750 1422 1786 quem
1453 1736 1541 1773 haec
1573 1737 1734 1774 omnium
1760 1737 1913 1774 maxima
1945 1751 2037 1773 vena
2064 1735 2231 1779 advehit,

401 1809 467 1847 per
494 1795 637 1846 hepatis
673 1794 917 1846 parenohyma
953 1794 1157 1844 trajicitur,
1198 1802 1306 1845 atque
1334 1808 1354 1831 a
1378 1809 1475 1832 rena
1499 1798 1829 1840 intervertebrali,
1863 1808 1929 1832 nec
1960 1809 2031 1831 non
2062 1808 2083 1831 a
2110 1793 2232 1830 trihus

403 1867 520 1891 venae
535 1859 679 1900 portae
697 1852 981 1901 systematilms,
1007 1855 1158 1900 hepatis
1184 1866 1315 1903 nempe
1331 1883 1338 1895 ‚
1364 1855 1650 1901 ylan(lular1mz
1673 1856 2003 1900 supraremtlinm,
2032 1860 2068 1889 et
2094 1865 2231 1889 renum

404 1911 577 1962 denique,
604 1910 804 1960 colligitur.

553 1981 582 2015 1.
614 1980 718 2016 Vena
737 1979 1070 2016 intem·erlem-alis
1093 1981 1141 2025 ¹0)
1170 1991 1261 2029 quae
1293 1991 1313 2013 a
1337 1978 1534 2028 posteriori
1552 1979 1737 2030 pulmonis
1768 1979 1887 2016 dextri
1916 1978 2148 2016 extremitate
2170 1977 2231 2012 oh-

403 2044 519 2077 tecta„
550 2044 658 2087 atque
688 2049 706 2072 e
734 2035 912 2072 foramine
940 2035 1096 2086 quodam
1123 2035 1420 2072 intervertehrali
1449 2036 1679 2082 scaturiens,
1709 2051 1747 2074 se
1787 2037 1821 2073 in
1849 2036 2061 2074 accessorio
2089 2034 2232 2087 hepatis

404 2094 527 2131 lohulo
556 2107 671 2145 prope
697 2106 832 2130 renam
851 2095 1025 2130 renalem
1049 2105 1284 2130 communem
1311 2093 1419 2131 abdit.

552 2165 584 2198 2.
617 2163 717 2199 Vena
739 2167 883 2209 portae
915 2163 1062 2208 hepatis
1091 2164 1139 2208 ¹¹)
1168 2174 1260 2212 quae
1287 2175 1306 2198 e
1335 2162 1478 2199 fistulae
1506 2163 1825 2214 gastroentericae
1862 2163 1980 2205 venis7
2008 2162 2188 2213 simulque
2216 2174 2235 2197 e

405 2222 580 2268 splenia-(c
607 2217 830 2269 composita,
862 2217 898 2253 in
916 2216 1054 2254 fossam
1076 2225 1327 2254 transversam
1350 2219 1492 2270 hepatis
1511 2229 1688 2272 penetrat.

555 2289 590 2327 3.
631 2288 737 2324 Velm
766 2293 909 2333 portae
936 2289 1220 2334 ylumlnlarlme
1254 2292 1580 2336 suprarenalium.
1622 2289 1656 2326 Ε
1700 2289 1905 2340 parietibus
1940 2287 2234 2326 abdominalibus

406 2344 642 2387 lateralibus,
670 2351 826 2394 utroque
853 2342 888 2379 in
913 2343 1026 2379 latere
1047 2342 1117 2380 duo
1141 2358 1253 2381 venae
1273 2353 1329 2382 sat
1357 2360 1519 2394 magnae,
1549 2346 1585 2383 in
1610 2346 1737 2384 dextro
1759 2355 1880 2385 autem
1900 2362 1918 2384 e
1939 2346 2115 2384 foramine
2143 2359 2235 2396 quo-

409 2401 490 2439 dam
512 2400 807 2439 intervertebrali
836 2400 947 2437 tertia
975 2400 1091 2437 adhuc
1121 2416 1222 2445 vena,
1251 2402 1430 2445 oriuntur,
1451 2418 1559 2455 quae,
1587 2419 1705 2443 renas
1737 2408 2020 2453 supraremzles
2048 2407 2236 2441 adt-elcen-

458 2592 483 2631 1]
509 2594 566 2622 Hic
586 2594 644 2622 loci
671 2603 727 2621 non
754 2603 878 2630 possum
905 2594 1106 2631 supersedere
1130 2596 1260 2630 monito,
1284 2606 1374 2633 quum
1396 2607 1541 2627 venosum
1564 2601 1793 2629 Psammosauri
1813 2606 1946 2637 systema
1965 2601 2091 2628 materie
2111 2600 2236 2637 quadam

510 2645 652 2680 injectum
672 2655 729 2673 non
749 2646 853 2680 fuerit,
885 2656 942 2680 me,
969 2656 1004 2674 ne
1027 2657 1139 2685 graves
1161 2649 1349 2676 incurrerem
1375 2651 1402 2678 in
1423 2660 1557 2685 errores,
1580 2652 1658 2680 inter
1678 2662 1781 2686 venas,
1805 2653 1913 2689 quibus
1934 2653 2115 2680 arteriarum
2132 2660 2236 2688 peper-

511 2698 585 2724 cerit
603 2697 766 2731 dissectio,
788 2698 857 2725 illas
879 2698 1086 2733 solummodo,
1111 2709 1186 2736 quae
1203 2701 1311 2729 modici
1337 2703 1444 2730 saltem
1470 2704 1630 2731 voluminis
1652 2709 1755 2737 erant,
1785 2704 1998 2741 descripsisse.

453 2869 480 2899 ²)
498 2870 564 2905 Fig.
582 2870 604 2898 1.
620 2879 648 2898 α.
662 2880 690 2898 α.
712 2887 753 2892 -
777 2870 801 2909 ³)
816 2872 881 2909 Fig.
903 2873 924 2899 1.
942 2871 970 2908 β.
987 2871 1018 2909 β.
1044 2889 1083 2893 ——
1108 2871 1133 2912 ⁴)
1150 2875 1216 2912 Fig.
1234 2875 1256 2904 Ι.
1279 2885 1302 2912 y.
1320 2886 1345 2913 γ.
1372 2892 1407 2897 —
1434 2875 1459 2915 ⁵]
1479 2875 1544 2915 Fig.
1562 2878 1584 2906 1.
1602 2878 1629 2906 ὃ.
1648 2879 1677 2907 ὃ.
1704 2895 1741 2899 —
1770 2878 1795 2917 ⁶]
1812 2879 1876 2917 Fig.
1892 2878 1928 2908 11.
1947 2879 1974 2906 δ.
1999 2895 2038 2899 -
2062 2875 2086 2917 ⁷)
2099 2878 2163 2914 Fig.
2176 2878 2197 2906 L
2214 2885 2238 2907 ε.

512 2918 538 2958 ⁸)
556 2922 623 2959 Fig.
645 2923 667 2950 l.
685 2919 712 2955 ζ.
737 2939 774 2943 ——
798 2921 823 2961 ⁹]
843 2924 908 2961 Fig.
934 2925 954 2953 1.
983 2934 1008 2961 η.
1033 2942 1071 2946 --
1098 2927 1139 2961 ¹0]
1162 2927 1228 2964 Fig.
1245 2928 1267 2957 l.
1287 2936 1317 2964 φ.
1344 2944 1379 2949 —
1416 2927 1455 2965 Π)
1480 2930 1545 2967 Fig.
1569 2926 1594 2959 I.
1620 2930 1653 2958 θ.
1678 2931 1710 2959 θ.
