2559 3609
1064 485 1375 520 -45—

313 562 424 600 tibiae
453 563 654 613 marginem
681 562 859 613 profunde
890 577 1063 613 serpens,
1092 577 1206 614 usque
1232 563 1275 599 ad
1302 563 1460 614 spatium
1489 564 1799 602 intermalleolare
1830 565 2016 616 posterius
2045 566 2126 604 des-

314 620 455 665 cendit,
482 634 552 672 quo
580 620 693 663 sacto,
721 620 756 657 in
783 619 999 671 profundam
1028 620 1231 671 plantarem
1259 620 1349 657 tarsi
1377 620 1566 671 regionem
1598 622 1823 667 insinuatur,
1851 622 2056 674 ibidemque
2084 637 2125 660 se

314 677 558 716 articulationi
588 677 835 728 musculisque
862 677 1054 729 dispendit.

414 735 509 786 Ejus
536 733 603 771 suh
631 734 788 771 decursu
815 742 1005 786 praeterea
1029 734 1265 772 emittuntur:

463 795 494 830 l.
521 793 637 828 Rama·
662 794 923 837 muse-alares,
951 792 1114 829 musculo
1141 792 1374 844 potissimum
1400 792 1602 843 pronatori‚
1630 806 1695 830 nec
1712 807 1782 829 non
1798 797 1898 830 rami
1914 797 2127 832 nutriente-s·

312 847 445 893 tibiae,
467 847 651 886 destinati.

462 908 495 942 2.
523 907 683 943 Arteria
710 909 952 944 mulleolaris
975 910 1176 955 posterior
1209 910 1363 945 interna
1387 911 1569 955 superior
1592 907 1643 958 ¹),
1672 921 1779 959 quae,
1816 921 1897 944 cum
1924 922 2036 945 ramo
2062 921 2128 944 sic—

314 964 394 999 rali
418 965 658 1013 superficiali
682 962 827 1008 coiens,
854 963 1100 1014 posteriorem
1127 964 1238 1001 libiae
1265 963 1471 1013 marginem
1506 978 1619 1016 usque
1646 965 1690 1001 ad
1715 964 1808 1002 tarsi
1833 964 1961 1002 faciem
1986 965 2129 1016 planta-

314 1033 392 1056 rem
418 1019 527 1070 legit,
563 1019 599 1056 in
626 1033 713 1070 qua,
741 1019 785 1056 ad
811 1027 892 1058 rete
918 1024 1148 1058 mtclleolare
1173 1025 1365 1058 internum
1391 1022 1553 1058 ramulos
1576 1023 1770 1059 nonnullos
1794 1022 1949 1072 largita,
1976 1022 2011 1059 in
2040 1022 2128 1059 dex-

313 1084 372 1113 tra
391 1084 531 1114 tantum
553 1076 784 1114 extremitate
803 1081 950 1114 arteria
977 1080 1145 1126 dequtali-s-
1165 1081 1364 1126 plantaris
1385 1081 1525 1117 tibialis
1541 1083 1708 1118 leullucis
1736 1079 1865 1118 evadit.

463 1137 495 1170 3.
523 1136 705 1171 Arteriae
731 1137 982 1172 malleoltcres
1003 1138 1250 1182 posteriores
1276 1139 1451 1174 internae
1472 1140 1683 1186 inferiores
1702 1138 1748 1189 2).

733 1261 776 1328 ξ.
815 1262 898 1313 23.
936 1261 1158 1313 Arteria
1196 1261 1396 1314 tibialis
1436 1263 1614 1315 antica
1650 1264 1712 1331 ³).

412 1369 574 1404 Arteria
599 1370 741 1405 tibiatis
773 1372 901 1406 antica
918 1366 951 1421 ¹¹)
979 1368 1228 1406 anterioribus
1254 1369 1374 1406 cruris
1399 1371 1572 1407 musculis
1598 1370 1752 1422 pedique
1780 1369 1994 1420 adsignata,
2020 1372 2131 1421 juxta

313 1423 496 1461 internum
533 1424 645 1462 tibiae
683 1425 906 1476 marginem,
933 1426 1028 1464 inter
1066 1440 1293 1463 communem
1328 1426 1528 1477 digitorum
1566 1435 1801 1464 extensorem
1830 1435 1865 1464 et
1896 1435 2132 1478 pronatorem

313 1481 402 1525 sita,
440 1496 554 1534 usque
585 1482 629 1519 ad
661 1483 753 1520 tarsi
775 1483 978 1533 marginem
1008 1484 1238 1535 superiorem
1265 1484 1447 1529 excurrit,
1472 1498 1542 1535 quo
1567 1484 1603 1521 in
1628 1485 1708 1521 loco
1735 1484 1771 1521 in
1798 1487 1986 1522 arteriam
1999 1487 2128 1532 podo—

313 1541 479 1576 tibialem
498 1547 534 1576 et
555 1539 591 1576 in
605 1543 946 1589 podo-peroneam
970 1541 1173 1578 bifurcatur
1195 1543 1237 1589 ⁵).
1926 1540 1932 1545 ‘

413 1596 446 1633 Ε
474 1599 594 1634 tibiali
621 1601 749 1635 (ιιιῖὶεα
769 1606 854 1635 ante
872 1598 1036 1649 ejusdem
1056 1597 1334 1635 bisul-cationem
1356 1598 1545 1636 oriuntur:

463 1656 492 1690 l.
519 1656 636 1692 Rami
654 1658 900 1693 met-scalares
924 1669 990 1692 nec
1008 1668 1081 1692 non
1105 1659 1345 1693 articulares
1365 1665 1480 1701 tarso,
1503 1665 1539 1694 et
1554 1660 1768 1695 nutriente-s·
1786 1656 1896 1694 tibiae
1916 1655 2099 1693 destinati.

460 1714 491 1748 2.
515 1713 678 1750 Arteria
699 1720 833 1750 tar-sea
851 1716 1024 1751 dorsalis
1053 1716 1095 1761 ⁶).
1124 1713 1243 1757 Haec,
1271 1727 1382 1765 quum
1415 1728 1526 1766 super
1553 1722 1745 1751 externum
1771 1713 1862 1750 tarsi
1883 1714 1979 1750 latus
2007 1712 2127 1764 delap-

313 1783 373 1813 sa,
401 1782 482 1805 cum
517 1773 667 1807 arteria
700 1784 874 1818 peronen
909 1771 1083 1813 confluat,
1110 1771 1164 1808 sic
1194 1770 1331 1808 dictum
1361 1775 1550 1810 circulum
1584 1776 1907 1810 anastomote'eecm
1935 1773 2133 1809 dors-alem

312 1826 404 1863 tarsi
424 1826 552 1871 efficit,
581 1841 600 1865 e
627 1841 697 1879 quo
725 1828 836 1880 aliqui
864 1828 996 1865 ramuli
1021 1842 1101 1865 cum
1133 1835 1215 1866 rete
1239 1831 1462 1867 mtdleolari
1488 1837 1654 1868 eoeterno
1679 1836 1883 1866 nectuntur.

467 1887 500 1922 3.
535 1887 696 1922 Arteria
727 1888 968 1923 malleolaris
1007 1889 1182 1923 anterior
1209 1890 1362 1924 interna
1392 1890 1433 1934 ⁷).
1468 1886 1527 1923 Ad
1561 1893 1643 1924 rete
1677 1889 1906 1924 malleolare
1942 1889 2134 1923 internum

318 1941 452 1992 pergit.

420 2000 465 2036 A.
492 2001 652 2037 Arteria
665 2002 935 2047 podo-tibialis
956 2003 1001 2047 3),
1029 2013 1120 2051 quae
1146 1999 1190 2036 ad
1216 1999 1403 2037 dimidium
1430 2000 1620 2037 interstitii
1649 1999 1845 2037 interossei
1869 1999 1977 2050 primi
2006 1998 2136 2035 advec—

320 2064 372 2099 ta,
400 2070 419 2094 e
442 2056 581 2093 dorsali
606 2057 711 2107 pedis
738 2057 829 2094 facie
856 2057 900 2094 ad
924 2056 1087 2108 ejusdem
1105 2056 1265 2108 plantam
1284 2057 1436 2100 transit,
1464 2057 1585 2109 ibique
1614 2057 1649 2093 in
1673 2065 1827 2108 quatuor
1850 2060 2020 2093 arterias
2040 2058 2135 2104 diffi-

318 2117 437 2157 tales,
457 2114 479 2151 i.
500 2128 531 2153 e.
558 2118 596 2162 a)
624 2115 659 2151 in
678 2129 891 2162 peroneam
917 2118 1093 2159 hallae—is,
1120 2113 1163 2167 b)
1195 2122 1230 2151 et
1249 2117 1284 2162 c)
1312 2114 1348 2150 in
1374 2116 1540 2151 tibialem
1559 2114 1647 2150 etin
1671 2127 1883 2161 peroneam
1901 2115 2056 2154 indicis,
2085 2118 2137 2148 at-

320 2185 389 2222 que
412 2171 451 2220 d)
483 2172 518 2208 in
551 2175 715 2210 tibialem
751 2176 858 2222 digiti
891 2175 1003 2210 medii
1035 2172 1188 2223 denique
1217 2170 1448 2222 dispescitur.
1486 2171 1584 2207 Ante
1625 2170 1717 2207 hanc
1756 2177 1877 2207 autem
1917 2169 2134 2206 divisionem

320 2228 471 2266 emittit:

421 2288 459 2334 a)
486 2287 528 2322 ln
547 2285 660 2323 dorso
682 2286 806 2337 pedis:

469 2346 499 2380 1.
527 2345 676 2380 Rumos
695 2343 739 2380 ad
757 2350 836 2380 rete
856 2346 1084 2381 malleolare.
1104 2347 1303 2381 internum.

468 2403 501 2437 2.
529 2401 679 2438 Ramos
694 2405 938 2439 museulares
958 2407 1224 2438 metatur-scos.

377 2538 403 2573 ³)
421 2536 517 2572 Quum
536 2536 608 2565 haec
633 2537 745 2565 arteria
768 2537 797 2564 in
814 2537 959 2565 anteriori
977 2537 1077 2564 cruris
1101 2535 1196 2567 facie,
1221 2534 1323 2563 tibiam
1347 2539 1507 2571 sequatur,
1537 2533 1744 2571 praecedentis
1768 2533 1929 2561 antithesin
1949 2533 2089 2567 exhibet,
2110 2538 2140 2561 et

419 2598 524 2616 nomen
548 2588 625 2625 quod
648 2589 705 2625 ipsi
725 2589 855 2627 largitus
876 2597 960 2622 sum,
985 2587 1061 2615 haud
1078 2587 1228 2615 immerito
1253 2587 1334 2614 ferre
1352 2586 1481 2616 videtur.

371 2641 400 2672 ⁵)
426 2638 526 2674 Quum
550 2639 578 2666 in
606 2639 725 2667 homine
749 2640 933 2668 continuatio
964 2641 1106 2668 arteriae
1127 2640 1286 2674 popliteae
1312 2647 1328 2665 a
1352 2640 1452 2666 tibiali
1472 2640 1594 2674 postica
1625 2637 1842 2669 constituatur,
1865 2636 1956 2664 hocce
1987 2637 2015 2663 in
2041 2637 2141 2672 reptili

419 2694 524 2717 contra
547 2690 583 2717 ab
607 2693 729 2725 αηῖὲεας
754 2692 892 2719 tibialem
910 2693 1050 2719 anticam
1077 2698 1170 2726 supra
1192 2689 1362 2725 descriptae
1381 2691 1524 2717 arteriae
1545 2690 1662 2717 radiati
1684 2692 1767 2715 artus
1788 2688 1956 2724 superioris
1976 2688 2136 2725 analogam

432 2741 625 2778 esseliquet‚
651 2751 685 2769 eo
709 2743 808 2779 magis
832 2743 858 2769 si
882 2741 1092 2778 perpenderis,
1124 2740 1159 2768 ab
1187 2740 1241 2768 hac
1270 2741 1369 2768 tibiali
1392 2742 1499 2768 antica
1522 2740 1650 2768 arterias
1672 2739 1756 2776 pedis
1782 2739 1932 2777 originem
1948 2739 2068 2768 ducere.

366 2874 392 2913 ι)
408 2875 465 2912 rig
520 2876 571 2904 xi.
590 2875 639 2906 24.
657 2891 697 2897 —
722 2873 750 2914 2)
767 2876 834 2913 rig.
852 2876 903 2903 xi.
928 2875 977 2905 25.
996 2874 1046 2904 25.
1066 2890 1104 2894 —
1123 2872 1149 2913 ⁴)
1168 2874 1454 2911 Fig.x1,22.Fig.
1474 2874 1541 2902 ΧΠ.
1564 2874 1611 2904 11.
1637 2889 1670 2893 —
1698 2871 1723 2912 Β)
1749 2874 1814 2912 rig.
1833 2874 1897 2902 xii.
1917 2873 2013 2904 13.-
2029 2872 2054 2910 7)
2074 2872 2143 2909 rig.

417 2927 482 2954 xu.
504 2928 550 2957 ιε.
576 2944 613 2948 -
636 2926 660 2965 ἢ)
677 2929 744 2965 Fig.
763 2928 814 2957 xi.
834 2927 883 2957 26.
920 2927 987 2964 rig.
1008 2926 1072 2954 xu.
1094 2925 1141 2956 14.
