2559 3609
1124 492 1435 527 -11—

372 573 410 609 in
437 571 604 609 dextram
631 578 667 608 et
692 570 881 607 sinistram
908 577 1048 621 partem
1075 569 1269 616 dividitur,
1295 574 1431 608 sulcus
1456 575 1665 610 circularis·
1691 585 1756 609 seu
1775 575 1977 611 coronalis
2001 572 2187 610 ventricu-

372 629 446 666 lum
465 629 585 680 ipsum
611 642 633 664 a
657 627 905 679 superpositis
931 627 1074 665 duobus
1100 630 1213 665 atriis
1238 628 1424 679 sejungit:
1452 642 1606 680 quorum
1633 629 1799 674 alterum,
1827 632 2009 668 dex-trum
2035 629 2187 674 scilicet,

371 689 533 724 sinis-{ro
559 685 674 721 multo
701 684 876 736 amplius,
902 685 939 722 in
966 684 1058 722 facie
1083 684 1228 736 postica
1252 690 1377 723 sinum
1405 699 1586 724 veno-mm
1614 686 1785 724 ostendit.
1811 686 1916 724 Inter
1943 686 2055 732 atria,
2082 695 2187 724 trun-

372 756 499 780 corum
527 741 792 779 arteriosorum
820 742 1091 794 primitivorum
1119 742 1226 793 origo
1251 743 1472 787 communis,
1500 743 1532 780 si
1559 757 1639 781 eam
1666 751 1773 780 extus
1809 743 2038 795 inspexeris,
2065 758 2187 783 conus

370 803 592 838 arten-iosus·
622 799 814 845 nimirum,
841 814 882 837 se
910 799 1053 837 obtutui
1080 799 1243 851 praebet.

1102 925 1144 991 ξ.
1183 925 1230 975 2.
1269 923 1444 976 Atria.

469 1034 603 1077 Atria,
632 1045 785 1083 quorum
821 1033 976 1070 alterum
1004 1033 1048 1070 ad
1075 1033 1260 1078 dextram,
1296 1033 1452 1070 alterum
1479 1033 1524 1070 ad
1561 1033 1767 1074 sinistram,
1806 1033 1928 1071 cordis
1963 1033 2045 1071 basi
2077 1048 2186 1086 supe-

367 1089 587 1133 rincumbit,
615 1091 883 1137 diss-epimenia
908 1089 1005 1126 inter
1030 1090 1221 1142 utriusque
1249 1105 1376 1128 cavum
1410 1098 1516 1128 tenso
1542 1091 1707 1141 perfecte
1742 1105 1763 1127 a
1790 1105 1832 1128 se
1867 1090 2023 1128 invicem
2057 1093 2184 1142 sejun-

366 1154 515 1197 guntur.
550 1145 866 1197 Dissepimentum
895 1146 965 1184 hoc
991 1147 1147 1185 ulterius
1175 1148 1369 1186 ventriculi
1397 1147 1442 1184 ad
1468 1147 1644 1185 fornicem
1673 1147 1919 1191 descendens,
1945 1155 2022 1185 tres
2048 1149 2101 1186 uti
2129 1148 2184 1186 di-

366 1218 444 1241 cam
471 1203 623 1241 lacinias
651 1204 948 1241 membranaceas
976 1205 1126 1251 emittit,
1155 1219 1262 1242 unam
1290 1205 1536 1248 dextrorsum,
1563 1219 1628 1242 seu
1656 1209 1851 1243 valvulam
1867 1209 2184 1244 atrio-ventricu-

367 1265 489 1299 larem
520 1264 717 1305 dex-fram,
753 1261 841 1298 (luas
875 1269 994 1298 autem
1030 1262 1309 1308 sinistrorsum,
1336 1277 1401 1300 seu
1429 1266 1608 1300 vulvula-§²
1636 1266 2066 1301 atrio-ventricnl(11·es
2093 1266 2184 1301 sini—

366 1326 492 1361 stras,
532 1322 766 1356 anteriorem
793 1318 962 1356 videlicet
991 1327 1026 1356 et
1044 1324 1305 1367 posteriorem
1330 1323 1370 1369 ¹).

1021 1446 1072 1479 A.
1098 1446 1276 1480 Atrium
1300 1447 1529 1479 dextrum.

464 1526 620 1561 Atrium
647 1528 848 1567 (lavit-mn„
875 1540 1050 1564 venosum
1086 1527 1201 1564 totius
1236 1526 1405 1578 corporis
1441 1527 1660 1577 sanguinem
1688 1541 1706 1563 e
1733 1541 1825 1564 vena
1852 1541 1941 1565 cava
1967 1527 2185 1565 ascendente

365 1588 397 1617 et
426 1580 668 1619 descendente
702 1582 864 1632 colligit,
892 1598 1045 1634 eumque
1067 1583 1104 1620 in
1131 1584 1288 1635 spatium
1309 1584 1653 1621 interventriculare
1684 1584 1846 1622 effundit.

463 1638 559 1689 Ejus
586 1653 730 1683 cavum,
757 1639 808 1676 ita
830 1641 987 1692 amplum
1001 1670 1009 1683 ,
1037 1648 1078 1677 ut
1100 1640 1286 1691 integrum
1306 1641 1429 1678 cordis
1459 1642 1701 1679 ventriculum
1725 1641 1911 1679 continere
1932 1642 2070 1687 valeat,
2089 1642 2182 1679 ‹luo-

360 1695 430 1732 bus
451 1696 556 1733 ostiis
582 1696 787 1747 praeditum
810 1705 880 1741 est,
908 1712 1061 1749 quorum
1085 1698 1264 1742 alterum,
1295 1712 1359 1735 seu
1391 1702 1533 1736 ostium
1559 1703 1668 1737 sinus
1697 1703 1848 1741 venosi,
1877 1699 2049 1749 sanguini
2082 1706 2181 1750 patet

360 1752 547 1794 refluenti,
575 1754 730 1790 alterum
756 1769 820 1791 seu
850 1760 989 1792 ostium
1017 1759 1409 1793 atrt'O-venlriculare
1428 1755 1644 1806 pervaditur
1673 1756 1717 1793 ab
1738 1759 1867 1806 ejecto.

464 1811 693 1861 Superficies
718 1814 798 1862 ejus
815 1812 979 1855 interna,
1008 1814 1220 1849 trabeculis·
1248 1816 1421 1857 carneis,
1449 1827 1556 1864 quae,
1583 1813 1667 1850 hinc
1693 1813 1775 1850 inde
1803 1813 1898 1850 inter
1924 1827 2007 1850 sese
2035 1820 2183 1850 contex-

359 1875 437 1911 tae,
467 1867 625 1904 arcubus
650 1868 985 1905 semicircularibus
1015 1868 1246 1913 discurrunt,
1283 1869 1477 1905 admodum
1512 1870 1637 1906 multis
1670 1870 1883 1921 variamque
1917 1870 2181 1908 dimensionem

359 1924 616 1961 exhibentibus
648 1925 929 1977 circumquaque
957 1925 1133 1969 obducta,
1160 1925 1197 1962 in
1223 1926 1354 1977 plaga,
1382 1927 1478 1963 inter
1513 1927 1649 1963 ostium
1676 1926 1779 1963 sinus
1814 1928 1941 1965 venosi
1976 1936 2011 1965 et
2047 1928 2181 1965 ostium

358 1982 717 2019 atrio-ventriculare
757 1983 844 2027 sita,
880 1983 1009 2020 iisdem
1046 1991 1166 2026 caret,
1201 1983 1406 2035 ibidemque
1442 1984 1652 2034 gracillimo
1688 1992 1830 2022 tantum
1859 1988 2050 2035 fibrarum
2076 2000 2181 2022 vins—

359 2043 551 2077 cularium
572 2042 909 2088 lonye‘tndz'tmlizcm
932 2048 1050 2077 strato
1077 2041 1340 2090 praemunitur.

458 2097 591 2134 Parios
620 2097 784 2134 internus
802 2098 1008 2149 posterior,
1034 2111 1165 2134 versus
1196 2098 1292 2134 latus
1315 2107 1527 2144 externum,
1553 2100 1647 2137 rima
1669 2100 1822 2151 quadam
1842 2100 1972 2137 lineari
2003 2102 2179 2145 sulcatur,

357 2169 466 2206 qnae,
495 2154 652 2206 quinque
676 2155 825 2192 circiter
851 2157 968 2193 lineas
998 2156 1131 2205 longa,
1150 2154 1195 2192 ad
1214 2155 1512 2207 perpendiculum
1539 2156 1679 2194 directa
1712 2156 1917 2202 descendit3
1951 2157 2105 2208 hujusce
2134 2158 2181 2195 ad

355 2212 545 2263 margines
574 2211 830 2250 endocardium
864 2213 988 2264 paullo
1023 2226 1248 2264 procurrens
1283 2213 1335 2250 ita
1360 2213 1478 2251 denuo
1512 2215 1731 2266 replicatur,
1766 2223 1806 2252 ut
1838 2215 1934 2252 labia
1960 2214 2030 2252 duo
2066 2215 2178 2252 effor-

355 2278 448 2315 met,
483 2284 502 2306 e
536 2269 667 2321 quibus
702 2272 862 2306 vulvula
896 2274 1004 2308 sinus
1040 2273 1175 2307 venosi
1211 2270 1401 2308 conflatur.
1432 2272 1583 2322 Angulo
1623 2272 1808 2323 superiori
1841 2272 1951 2323 hujus
1990 2272 2176 2317 valvulae,

356 2330 465 2379 (quae
494 2326 629 2363 ostium
656 2326 759 2362 sinus
787 2327 932 2371 venosi,
964 2342 982 2364 e
1010 2328 1183 2364 confluxu
1208 2341 1323 2364 venae
1358 2328 1605 2366 innominatae
1640 2338 1677 2367 et
1707 2344 1816 2367 cavae
1843 2330 2030 2367 inferioris
2057 2330 2093 2366 in
2123 2345 2177 2367 re-

355 2385 583 2436 ceptaculum
604 2397 794 2421 commune
813 2384 903 2429 orti,
932 2384 1218 2432 circumscribit)
1243 2392 1320 2421 tres
1339 2386 1492 2423 musculi
1516 2387 1717 2437 papillares
1736 2395 1794 2424 sat
1818 2388 1943 2437 magni
1966 2388 2034 2425 sub
2057 2388 2175 2425 forma

356 2442 387 2478 T
408 2441 547 2478 inversi
563 2441 788 2477 inseruntur.

456 2499 573 2535 Latus
601 2498 785 2534 internum
812 2498 907 2535 inter
934 2506 969 2535 et
996 2498 1202 2549 posterius,
1229 2499 1380 2550 hujusce
1401 2499 1484 2537 atrii
1504 2514 1630 2538 cavum
1650 2502 1687 2538 in
1710 2503 1868 2553 amplum
1891 2502 2029 2545 sinum,
2053 2503 2173 2539 maxi—

354 2570 413 2593 mo
437 2555 708 2593 trabecularum
728 2569 880 2592 numero
907 2564 1126 2593 exornatum
1151 2556 1401 2607 protruditur,
1428 2560 1553 2595 sinum
1576 2558 1747 2596 videlicet
1766 2563 1859 2597 atrii
1887 2562 2037 2604 deoetri,
2065 2562 2171 2611 cujus

354 2614 476 2650 lumen
499 2613 634 2650 ostium
661 2613 1027 2650 atrio-ventriculare
1046 2613 1218 2652 intuetur.

455 2670 558 2707 Inter
580 2670 712 2707 ostium
734 2670 1093 2708 atrio-ventriculare
1116 2679 1152 2708 et
1178 2671 1266 2708 illud
1293 2672 1451 2709 arteriae
1471 2686 1689 2722 anonymae,
1718 2677 1899 2712 columna
1922 2677 2076 2712 (tortica
2099 2674 2172 2711 sita

354 2736 420 2766 est.
440 2727 691 2779 (Corpusculo
716 2728 801 2765 huic
822 2728 1029 2765 musculoso
1049 2729 1120 2765 hoc
1145 2728 1378 2779 potissimum
1397 2743 1529 2767 nomen
1552 2730 1639 2767 dare
1666 2731 1752 2768 mihi
1776 2731 1896 2777 liceat,
1918 2739 2044 2783 utpote
2061 2745 2171 2782 quum

406 2879 432 2916 ¹)
462 2881 667 2909 Vah-alarum
691 2882 1046 2910 aere·o-ventriczdarimn
1077 2883 1185 2920 origo,
1217 2883 1407 2919 supradictae
1437 2885 1617 2918 conformis,
1643 2894 1660 2913 a
1688 2885 1835 2913 Cuvier
1859 2887 1895 2920 (1.
1925 2883 1968 2924 c.)
1991 2886 2019 2913 in
2041 2886 2168 2913 lacertis

456 2935 484 2958 et
505 2932 660 2968 speciatim
684 2933 712 2960 in
736 2934 856 2962 lacerta
878 2935 952 2968 ayz'lae'
968 2938 997 2962 et
1017 2935 1151 2962 ocellum
1171 2933 1361 2963 describitur.

1813 2986 1834 3007 O)
1850 2987 1865 3001 *ι

1814 3009 1834 3019 *-
