2559 3609
1066 491 1373 525 —25—

464 576 495 610 [ι.
521 576 682 611 Arteria
708 579 938 609 transversa
960 572 1081 617 faciei
1098 571 1140 616 ¹),
1168 576 1286 605 cutem
1313 576 1530 619 perreptans
1560 582 1673 620 prope
1699 568 1869 605 maxillae
1890 567 2066 618 angulum
2082 569 2126 615 ²).

464 633 496 668 5.
522 632 683 667 Arteria
719 629 960 665 (anicularis
996 628 1172 663 {interior
1213 627 1472 675 superficialis
1507 627 1539 672 3)
1575 639 1641 676 per
1681 633 1822 676 partem
1854 624 1992 662 rimans
2029 631 2127 661 ante·

315 687 449 724 riorem
486 693 627 723 meatus
664 684 838 722 auditorii
866 683 1020 721 externi.

462 745 494 778 6.
527 744 688 779 Arteria
725 743 952 788 temporalis·
989 742 1249 790 superficiali-s·
1282 739 1323 786 ¹⁸),
1351 751 1442 790 quae
1478 741 1648 775 arteriae
1680 741 1905 775 maxillaris
1940 745 2128 775 externae

315 799 625 837 continuationem
660 797 870 840 constituit,
898 805 1007 848 atque
1043 809 1156 847 supra
1192 794 1394 832 musculum
1426 794 1683 846 temporalem,
1720 795 1777 832 cui
1814 795 1955 846 aliquos
1982 794 2128 845 spargit

314 870 457 900 ramos,
484 870 599 908 usque
627 855 672 892 ad
698 855 872 905 angulum
892 853 968 891 oris
988 852 1251 905 progreditur,
1279 865 1350 903 quo
1377 851 1413 888 in
1440 852 1520 889 loco
1546 851 1583 888 in
1609 851 1699 889 duas
1727 852 1842 889 exiles
1870 855 2040 889 arterias
2064 864 2126 888 co-

313 917 500 951 ronarias
527 915 636 953 labii,
663 914 903 959 superiorem
929 924 1059 962 nempe
1088 918 1124 947 et
1148 913 1375 958 inferiorem
1401 908 1634 960 dispescitur.

509 972 568 1017 ββ)
595 971 756 1005 Arteria
790 970 1238 1016 hyoylo.9so-lftryizyetc
1264 968 1308 1014 ⁵).
1333 966 1454 1002 Sicuti
1484 980 1643 1015 graecus
1675 967 1754 1014 ejus
1789 972 1896 1000 sonat
1922 964 2004 1000 fons
2032 963 2129 1000 ossis

312 1026 468 1075 hyoidei,
485 1028 636 1076 ejusque
646 1023 801 1061 musculi
815 1022 1286 1073 keratohyoidei,laryngis
1298 1030 1333 1059 et
1351 1022 1500 1071 linguae
1515 1020 1707 1057 nutritioni
1720 1020 1952 1071 potissimum
1964 1019 2128 1056 inservit.

510 1082 616 1119 Haec
642 1080 795 1125 arteria,
823 1079 1132 1117 continuationem
1159 1082 1259 1116 rami
1284 1081 1485 1116 traeleeliei
1511 1076 1694 1120 efficiens,
1732 1090 1843 1127 super
1878 1089 1993 1112 cornu
2028 1082 2128 1112 ante-

311 1140 389 1176 rius
416 1138 613 1188 hyoideum
633 1151 749 1189 usque
774 1136 819 1173 ad
845 1136 1141 1187 interhyoideum
1168 1135 1365 1187 procurrit,
1393 1135 1460 1171 sub
1477 1148 1547 1186 quo
1574 1134 1657 1171 inde
1683 1134 1828 1178 transit,
1855 1147 1968 1185 seque
1993 1132 2129 1183 origini

311 1195 481 1233 tracheae
508 1194 789 1246 approximans,
826 1193 863 1229 in
890 1197 1077 1230 arteriam
1105 1195 1588 1241 oesopleayo—trachealem
1616 1194 1873 1235 anteriorem,
1902 1198 1936 1227 et
1963 1190 2000 1227 in
2028 1196 2129 1227 arte-

314 1255 411 1289 riam
439 1255 683 1301 larynyeam,
712 1250 769 1287 sui
798 1249 1130 1294 continuationem,
1159 1249 1323 1287 discedit.

413 1310 472 1346 Ex
501 1311 649 1346 arteria
675 1309 1102 1356 hyoylosso—larynyea
1129 1307 1317 1343 oriuntur:

458 1368 486 1401 1.
513 1367 630 1402 Rmm·
655 1365 948 1411 lceratoleyoidei
968 1369 1018 1410 6).

460 1424 491 1458 2.
517 1423 679 1459 Arteria
716 1423 966 1458 submentalis
996 1422 1200 1468 profunda
1225 1422 1276 1468 ⁷),
1314 1434 1404 1471 quae
1442 1419 1558 1456 basim
1593 1419 1670 1455 oris
1705 1432 1836 1455 versus
1874 1417 2056 1454 decurrit.
2093 1424 2129 1454 et

314 1479 517 1516 musculum
556 1477 631 1514 adit
663 1477 927 1514 subcutaneum
947 1476 1043 1514 colli.

460 1538 491 1571 3.
517 1536 682 1571 Arteria
707 1538 849 1571 rsmina
871 1536 925 1581 8),
963 1547 1055 1584 quae
1084 1533 1288 1570 musculum
1315 1533 1559 1582 hyoglossum
1588 1531 1699 1582 petit,
1729 1535 1880 1582 ejusque
1906 1530 2020 1568 radici
2046 1544 2129 1582 par-

312 1605 396 1628 unn
422 1591 603 1627 ramulum
627 1590 807 1640 elargita,
834 1590 954 1640 ipsum
973 1597 1160 1640 penetrat,
1188 1604 1229 1627 ac
1254 1604 1371 1642 usque
1398 1590 1443 1626 ad
1469 1590 1617 1639 linguae
1644 1588 1761 1625 hasim
1788 1589 1951 1625 flexuose
1976 1602 2129 1639 percur-

311 1650 374 1693 rit,
403 1648 517 1685 donec
543 1648 579 1684 in
611 1662 653 1685 ea
684 1647 846 1684 funditus
873 1647 1083 1692 subdivisa,
1120 1661 1201 1684 cum
1237 1647 1437 1698 postremis
1477 1650 1647 1684 arteriae
1683 1648 1939 1694 sablinfflcalis
1974 1645 2129 1682 ramulis

316 1713 565 1743 consomatur.

460 1765 491 1799 lt.
517 1765 678 1801 Arteria
704 1764 868 1810 layoidea
896 1768 927 1807 ⁹)
953 1776 1067 1799 cornu
1094 1761 1250 1810 hyoideo
1277 1761 1478 1813 posteriori
1500 1760 1655 1797 addicta.

459 1823 489 1857 5.
516 1822 678 1857 Arteria
706 1822 1164 1868 oesopliayo—trachealis
1192 1822 1370 1857 {interior
1394 1818 1458 1868 ¹⁰),
1477 1831 1568 1868 qnae
1591 1824 1825 1868 postrorsum
1853 1816 2040 1857 decurrit,
2078 1823 2129 1851 at-

313 1892 381 1929 que
418 1891 498 1914 cum
536 1890 738 1925 synonyma
765 1876 988 1927 posteriori,
1015 1876 1071 1913 cui
1095 1890 1222 1927 parem
1248 1890 1289 1912 se
1316 1876 1481 1920 exhibet,
1510 1875 1669 1911 confluit.

463 1936 493 1970 6.
519 1936 682 1971 Arteria
708 1936 897 1982 larynyea
923 1935 987 1981 ¹⁵),
1014 1947 1121 1984 quae,
1150 1932 1365 1983 quibusdam
1391 1935 1555 1969 ramulis
1588 1934 1825 1979 phut-ynfflets-
1863 1930 2047 1974 dimissis,
2076 1930 2130 1966 la-

318 2006 476 2043 ryngenl
514 1990 749 2028 anfractuosa
784 1990 1027 2035 nanciscitur,
1060 1998 1095 2027 et
1130 2004 1242 2041 super
1268 1990 1421 2027 eundem
1448 1990 1483 2026 in
1511 1993 1696 2026 arteriam
1723 1991 1947 2037 larynyeam
1972 1991 2131 2036 inferio-

311 2064 392 2087 rem
412 2052 461 2097 ¹2)
490 2056 524 2085 et.
551 2048 587 2084 iu
613 2050 855 2094 superiorem
877 2049 939 2095 ¹³),
969 2046 1088 2083 officio
1104 2058 1185 2106 jam
1214 2060 1257 2083 ex
1277 2047 1424 2084 nomine
1453 2053 1598 2097 patente
1618 2045 1833 2094 fungentes,
1853 2044 2028 2089 discedit3
2059 2057 2130 2094 quo

312 2106 407 2143 sacto
436 2120 480 2142 ex
510 2107 692 2153 infe-riori
720 2103 885 2140 ramulus
921 2103 1068 2154 quidam
1102 2104 1145 2140 ad
1178 2104 1429 2155 propinguum
1458 2102 1662 2140 musculum
1700 2100 2131 2152 mylo-pharyngo-hyoi-

313 2163 418 2200 deum
448 2161 596 2199 accedit.

512 2219 553 2271 γ)
580 2220 742 2255 Arteria
770 2220 972 2254 cervicalis
1008 2219 1077 2264 ¹¹³),
1109 2230 1199 2267 quae
1227 2217 1350 2268 paullo
1376 2225 1458 2254 ante
1486 2218 1674 2254 carolidis
1701 2214 1983 2252 bifurcationem
2009 2215 2047 2252 in
2073 2220 2129 2253 ἰη-

313 2284 461 2315 ternam
483 2284 518 2313 et
537 2275 573 2312 in
600 2282 803 2313 externam
823 2273 1000 2319 oriunda,
1029 2273 1064 2310 in
1091 2274 1217 2325 plures
1238 2278 1414 2312 ramulos
1434 2279 1682 2311 recurrente-s·
1700 2275 1748 2320 ¹⁵)
1777 2273 2024 2324 musculisque
2052 2286 2129 2309 cer-

312 2334 402 2371 vicis
430 2347 470 2370 se
496 2332 724 2369 insinuantes
749 2332 983 2382 dispescitur,
1003 2345 1157 2383 quorum
1174 2346 1269 2369 unus
1284 2332 1305 2369 i.
1323 2346 1351 2369 e.
1376 2345 1511 2369 ramas
1538 2333 1701 2378 spinalis
1717 2333 1955 2377 penultimas
1974 2336 2022 2375 16)
2050 2329 2130 2380 pri—

314 2405 407 2428 mam
435 2390 529 2427 inter
563 2398 598 2427 et
633 2389 829 2426 secundam
855 2389 1063 2427 vertebram
1091 2389 1318 2434 cervicalem,
1346 2388 1508 2425 canalem
1538 2386 1783 2424 vertebralem
1813 2385 2044 2436 ingreditur,
2074 2394 2129 2422 at-

314 2462 382 2500 que
406 2448 443 2484 in
470 2450 658 2484 arteriam
693 2450 893 2496 myelieam
920 2446 1061 2491 influit,
1088 2469 1133 2474 —-
1161 2446 1253 2483 alter
1285 2460 1350 2483 seu
1379 2459 1515 2482 ravat-s·
1551 2447 1715 2492 spinalis
1748 2446 1903 2481 ultimas
1924 2446 1973 2491 ⁷¹)
2001 2443 2045 2480 ad
2071 2457 2131 2480 ar-

312 2504 565 2543 ticul-ationem
593 2504 999 2555 atlanto-occipitalem
1026 2504 1161 2555 pergit,
1190 2504 1295 2555 eique
1314 2503 1501 2540 vasculum
1523 2500 1704 2553 quoddam
1725 2500 1952 2551 impertitus,
1979 2514 2047 2551 per
2073 2500 2130 2551 ip-

316 2562 450 2600 samin
469 2561 583 2599 cranii
610 2575 739 2598 cavum
767 2561 811 2599 ad
833 2562 929 2599 latus
956 2561 1138 2598 medullae
1165 2561 1384 2611 oblongatae
1411 2558 1691 2604 intromittitur3
1720 2572 1790 2608 quo
1817 2557 1913 2594 facto
1939 2557 2065 2594 eodem
2093 2557 2129 2594 in

364 2672 391 2711 2)
421 2673 550 2710 Ideoque
583 2675 712 2711 analoga
741 2674 835 2701 eidem
866 2673 996 2701 hominis
1030 2674 1171 2702 arteriae.

366 2765 390 2805 1)
415 2766 650 2804 Fig.1V.9.—
667 2766 769 2802 orig.
793 2766 846 2793 lv.
867 2766 916 2795 10.
935 2781 971 2786 —
995 2765 1288 2802 ⁴)Fig.1V.12.—
1314 2763 1597 2803 ⁵)Fig.lv.13.-
1622 2761 1730 2801 Ἴης.
1755 2762 1808 2790 1v.
1834 2761 1929 2792 111.-
1956 2760 2130 2799 ²)Fig.1v.

416 2818 465 2848 15.
499 2818 546 2848 15.
579 2833 619 2838 —-
653 2815 679 2853 s)
709 2815 776 2854 Fig.
801 2817 855 2846 1v.
884 2817 932 2847 16.
958 2817 1007 2847 16.
1037 2834 1075 2839 —
1106 2818 1136 2851 ⁹)
1159 2817 1225 2854 rig.
1249 2816 1304 2844 lv.
1335 2816 1382 2846 1⁷.
1405 2818 1508 2850 -10]
1531 2813 1667 2852 1⁴¹ig.lv.
1695 2814 1742 2843 18.
1770 2828 1811 2834 —
1835 2811 1873 2851 1ι)
1896 2814 1964 2851 rig.
1995 2813 2047 2841 1V.
2081 2813 2132 2844 19.

418 2867 457 2907 12)
482 2869 548 2906 rig.
572 2869 624 2897 lV.
649 2869 698 2899 21.
722 2885 761 2888 —
786 2866 826 2907 ι3]
851 2869 918 2906 rig.
944 2868 996 2897 ιν.
1020 2868 1069 2898 20.
1095 2884 1133 2889 --
1158 2870 1201 2902 ¹⁴)
1231 2868 1299 2905 Fig.
1328 2867 1383 2896 v1.
1407 2869 1436 2898 6.
1463 2884 1500 2887 -
1526 2869 1569 2900 15)
1599 2867 1664 2903 rig.
1694 2865 1748 2894 vi.
1773 2865 1802 2895 7.
1826 2865 1854 2895 7.
1878 2866 1980 2899 —1⁶)
2003 2865 2068 2901 rig.
2092 2863 2131 2891 V.

415 2921 443 2950 6.
466 2921 496 2950 e.
519 2921 586 2957 rig.
606 2918 674 2950 Vn,
698 2919 726 2950 3.
750 2920 780 2951 3.
807 2936 843 2941 -
869 2920 910 2956 ιν)
930 2921 996 2957 rig.
1020 2919 1056 2947 V.
1079 2919 1107 2949 7.
1130 2919 1158 2949 ⁷.
1182 2919 1248 2956 rig.
1274 2919 1326 2947 v1.
1350 2919 1377 2949 8.
1399 2920 1427 2949 8.
1446 2920 1512 2957 rig.
1537 2918 1608 2947 vn.
1632 2917 1660 2947 21.
1681 2916 1709 2947 ti.
