2559 3609
1172 463 1485 498 —32—

418 546 625 596 superioris
652 548 781 596 (super
806 556 1022 595 processum
1050 542 1273 580 alveolarem
1299 541 1439 589 situm),
1466 540 1503 578 in
1531 555 1601 592 quo
1627 554 1743 592 usque
1770 540 1815 578 ad
1836 539 2007 578 maxillae
2033 539 2236 591 superioris

417 603 557 655 apicem
584 615 821 653 praegressa,
848 614 930 639 cum
956 614 1158 650 synonyma
1184 598 1336 637 alterius
1362 597 1490 635 lateris
1518 598 1692 644 confluit,
1720 597 1939 648 ingreditur.

516 661 613 710 Ejus
640 658 733 695 rami
760 666 864 696 sunt:

617 718 656 765 α)
682 717 845 753 Arteria
871 729 1000 754 naso-
1009 717 1189 763 palatina
1216 715 1269 761 ¹),
1304 726 1397 764 quae
1430 711 1634 749 introrsum
1660 724 1769 748 versa
1797 710 1834 747 in
1861 710 2004 747 narium
2039 709 2150 747 fundo
2177 723 2236 747 re-

414 772 594 810 conditur.

615 832 652 878 β)
688 831 849 865 Remuli
884 831 1058 865 demades
1084 831 1310 874 superiores
1336 829 1370 873 2)
1398 838 1550 862 numero
1578 832 1736 876 quatuor
1762 824 1819 860 vel
1847 823 2024 875 quinque,
2063 824 2122 876 qui
2150 836 2235 875 pro-

413 900 557 924 cessum
585 885 808 923 alveolarem
829 883 1044 935 pervadunt.

611 944 648 991 y)
675 944 859 979 Arleriae
888 943 1048 978 labiales
1074 944 1321 989 superiores,
1357 953 1447 991 quae
1475 953 1493 976 e
1520 938 1636 990 privis
1664 937 1910 975 foraminibus
1937 937 2144 982 evadentes,
2171 951 2236 987 per

410 999 543 1037 labium
575 999 746 1049 superius
779 1006 1019 1050 sparguntur,

936 1125 980 1192 ξ,
1023 1124 1103 1178 11.
1144 1122 1366 1174 Arteria
1402 1120 1703 1174 subclavia.

504 1234 667 1270 Arleria
693 1234 893 1270 subolae-ia
921 1234 952 1279 ³)
981 1230 1076 1267 inter
1098 1237 1240 1265 ceteras
1260 1230 1562 1266 Psammosauri
1578 1242 1659 1265 cum
1673 1240 1881 1278 synonyma
1904 1226 2063 1263 hominis
2092 1227 2231 1263 arteria

404 1304 444 1326 se
471 1289 635 1341 apprime
653 1290 846 1338 analogam
875 1287 1070 1331 exhibens,
1097 1300 1118 1322 a
1144 1285 1387 1323 bifurcatione
1413 1288 1635 1323 subclrcriae
1657 1288 1867 1323 communis·
1889 1298 2006 1335 usque
2033 1283 2151 1320 adsui
2178 1283 2230 1335 ip-

399 1346 478 1383 sius
505 1346 543 1382 in
563 1346 711 1383 axillam
734 1345 947 1395 ingressum
966 1345 1030 1381 tali
1058 1343 1203 1380 nomine
1227 1343 1374 1393 gaudet,
1397 1357 1467 1394 qua
1494 1342 1577 1379 inde
1604 1342 1641 1379 in
1672 1342 1827 1392 regione
1845 1345 2031 1379 (willaris
2052 1341 2163 1378 audit.

507 1405 540 1442 Ε
568 1406 768 1441 subclacia
795 1403 1107 1453 proficiscuntur:

605 1464 643 1510 a)
670 1463 822 1498 Romus
849 1463 1031 1508 spinalis,
1060 1459 1119 1510 qui
1147 1462 1334 1496 arteriam
1361 1459 1559 1504 myelicum
1586 1456 1687 1507 petit,
1713 1455 1942 1506 reliquorum
1970 1455 2135 1505 ejusdem
2163 1468 2226 1491 no-

399 1518 508 1555 minis
536 1517 581 1555 ad
608 1518 735 1555 instar.

600 1578 637 1624 β)
668 1577 766 1613 Tres
793 1578 964 1613 arteriae
991 1575 1278 1612 inlercoslales.

601 1635 637 1681 y)
664 1634 825 1669 Arteria
853 1633 1082 1669 vertebralis
1109 1633 1142 1677 4)
1172 1644 1280 1680 quae,
1308 1629 1345 1665 in
1372 1627 1553 1680 profundo
1581 1626 1831 1663 musculorum
1858 1625 2119 1676 columnaeque
2146 1639 2227 1661 ver-

395 1690 548 1728 tebralis
570 1690 606 1727 in
628 1690 744 1727 latere
766 1688 904 1741 posita,
932 1702 1048 1740 usque
1075 1687 1119 1724 ad
1144 1687 1310 1723 foramen
1336 1684 1660 1729 intervertebrale,
1690 1682 1887 1720 secundam
1911 1682 2006 1719 inter
2027 1690 2062 1719 et
2079 1682 2226 1719 tertiam

395 1747 606 1785 vertebram
633 1747 765 1790 situm,
802 1746 866 1784 tali
901 1746 1043 1783 ratione
1077 1745 1149 1781 iter
1181 1744 1284 1789 facit,
1321 1751 1360 1780 ut
1389 1751 1529 1794 septem
1556 1741 1733 1793 quosdam
1757 1754 1889 1783 arcus,
1917 1753 2071 1790 quorum
2098 1740 2225 1776 unius-

396 1805 594 1856 cujuslibet
621 1803 831 1841 concavitas
859 1817 967 1839 unam
995 1815 1137 1853 quoqne
1166 1802 1374 1839 vertebram
1402 1801 1584 1842 intuetur,
1612 1798 1776 1848 effingat.

494 1864 539 1899 A.
567 1862 600 1898 Ε
629 1860 857 1898 concavitate
884 1872 1037 1895 arcuum
1067 1858 1254 1895 oriuntur:

597 1921 661 1966 αα)
689 1925 832 1966 septem
869 1921 968 1954 rami
993 1919 1166 1964 spinales
1193 1918 1235 1963 ⁵),
1272 1915 1333 1966 qui
1366 1928 1432 1966 per
1468 1913 1646 1951 foramina
1681 1910 2020 1956 imm-vertebralia,
2059 1910 2223 1962 ejusdem

395 1976 553 2012 nominis
577 1975 896 2013 articulationibus
915 1973 1101 2010 nonnullis
1136 1973 1269 2010 ibidem
1305 1972 1466 2008 vasculis
1502 1970 1685 2013 dimissis,
1713 1969 1876 2007 canalem
1906 1968 2150 2005 vertebralem
2172 1968 2222 2004 in-

393 2033 639 2083 grediuntur,
677 2041 716 2070 ut
754 2033 789 2069 in
820 2046 861 2069 eo
900 2035 935 2068 in
971 2034 1157 2068 arteriam
1184 2033 1384 2079 myelicum
1403 2029 1564 2066 influant.

385 2084 386 2087 Ἴ
499 2091 541 2127 Β.
568 2091 602 2127 Ε
631 2090 859 2127 convexitate
888 2088 1086 2126 eorundem
1114 2102 1219 2125 vero:

596 2151 655 2196 ββ)
683 2148 776 2185 rami
805 2147 848 2184 ad
870 2146 956 2184 colli
980 2146 1165 2183 musculos
1185 2153 1386 2196 pergentes
1408 2150 1449 2191 ⁶),
1478 2156 1634 2195 quorum
1653 2141 1763 2192 aliqui
1792 2148 1826 2177 et
1855 2140 2109 2191 oesophagum
2137 2153 2222 2176 nan-

395 2204 593 2242 ciscuntur.

937 2320 978 2386 ξ.
1022 2319 1100 2370 12.
1139 2316 1363 2369 Arteria
1413 2314 1674 2367 axillaris.

497 2430 661 2465 Arteria
688 2430 874 2465 (willaris
903 2430 952 2474 ⁷),
978 2428 1199 2463 subclrwiae
1226 2423 1467 2466 continuatio,
1496 2436 1621 2459 cavum
1650 2420 1821 2458 subalare
1848 2420 2038 2470 ingressa,
2065 2417 2109 2455 ad
2134 2419 2219 2455 bra-

395 2486 465 2523 chii
492 2485 684 2536 regionem
711 2485 892 2521 internam
915 2484 1138 2521 anteriorem
1168 2482 1305 2533 pergit,
1333 2481 1406 2526 uhi,
1434 2480 1639 2517 musculum
1667 2477 2044 2515 coram-brachialem
2063 2475 2159 2512 inter
2186 2483 2220 2512 et

393 2543 620 2594 pectoralem
646 2542 730 2587 sita,
759 2544 970 2579 brachialia
997 2548 1236 2591 nuncupatur.

493 2601 552 2637 Ex
580 2604 730 2638 arteria
757 2602 924 2637 aoeillarz'
952 2598 1142 2635 oriuntur:

491 2659 538 2694 Α.
566 2659 683 2695 Remi
708 2660 936 2705 superiores
964 2656 1020 2693 vel
1048 2658 1318 2694 ascendentes.-

448 2812 472 2847 1)
488 2812 624 2849 Figw'l.
643 2810 693 2841 [ιο.
717 2827 756 2831 -
779 2813 809 2845 2)
833 2808 1167 2847 Fig.vt.li1.l11.li1.
1191 2825 1231 2829 —
1255 2809 1280 2844 3)
1303 2808 1372 2845 rig.
1385 2807 1406 2835 1.
1430 2805 1482 2837 211.
1506 2804 1557 2835 221.
1582 2805 1633 2835 25.
1657 2804 1709 2834 25.
1732 2804 1801 2841 Fig.
1826 2802 1865 2831 v,
1892 2802 1920 2831 1.
1944 2801 2010 2839 rig.
2032 2800 2158 2829 v111.1.
2176 2816 2217 2821 -

496 2861 524 2902 Δ)
547 2863 615 2900 rig.
646 2863 668 2891 1.
692 2863 742 2893 26.
769 2863 822 2893 26.
845 2861 914 2900 Fig.
939 2863 979 2892 v.
1005 2862 1034 2892 2.
1059 2862 1144 2892 vm.
1176 2861 1205 2891 2.
1231 2876 1270 2882 —
1301 2857 1328 2898 ⁵]
1352 2860 1418 2897 rig.
1449 2859 1489 2886 V.
1511 2856 1541 2888 zi.
1574 2857 1602 2887 zi.
1634 2861 1689 2885 etc.
1722 2872 1761 2877 -
1787 2852 1813 2893 ⁶)
1837 2854 1906 2892 rig.
1934 2853 1973 2882 v.
1996 2852 2025 2883 3.
2045 2851 2073 2883 3.
2099 2856 2153 2880 etc.
2176 2866 2217 2873 -

497 2916 526 2947 7)
550 2914 718 2951 Fig.V111.
742 2912 772 2943 3.
791 2912 812 2943 3
