2559 3609
1086 487 1396 520 *23*-

339 568 489 602 arteria
521 568 678 603 candala·
704 566 872 614 (ejusque
910 578 928 600 e
956 577 1059 600 ramo
1086 563 1310 614 superiori),
1339 563 1376 611 b)
1404 565 1440 601 in
1468 564 1616 602 lumbali
1644 580 1686 602 ex
1707 570 1855 604 arleria
1881 569 1998 604 iliaca
2032 571 2149 605 inler-

335 636 405 666 ηα,
441 624 475 670 c)
503 621 542 669 d)
579 621 615 658 in
642 620 863 657 abdominali
891 629 926 658 et
951 620 1139 658 thoracico
1167 634 1212 658 ex
1237 623 1395 658 arteriis
1422 624 1753 667 intercostalibus,
1781 625 1815 671 e)
1843 622 1878 659 in
1906 623 2076 661 cervicali
2104 638 2149 662 ex

335 683 484 716 arteria
511 680 734 723 vertebrali,
760 677 879 729 primo
907 686 1046 715 tantum
1073 685 1243 729 excepto,
1271 676 1330 729 qui
1357 677 1400 714 ab
1429 682 1577 715 arteria
1603 682 1800 722 cervicali,
1841 687 1876 716 et
1902 680 2049 725 ultimo,
2076 696 2144 719 ra-

333 750 394 773 mo
421 738 564 784 spinuli
584 738 797 783 penultimo
832 735 1001 788 inquam,
1037 735 1096 788 qui
1130 736 1174 773 ab
1211 748 1424 787 unaquaque
1459 735 1515 772 sui
1552 735 1680 773 lateris
1715 739 1914 775 subclam'a
1927 738 2151 785 emittuntur,

336 792 367 839 f)
397 791 433 828 in
469 791 593 828 cranio
621 791 775 843 denique
802 805 847 828 ex
873 796 1022 829 arteria
1050 794 1251 834 cervicali,
1278 805 1414 830 ramus
1444 795 1608 841 ,spinalis
1635 796 1792 830 ultimus
1820 807 1968 845 nempe,
1996 803 2151 847 utroque

336 848 373 885 in
402 848 517 886 latere
537 848 767 900 proveniunt.

436 906 609 944 Arteriae
634 914 828 958 praeterea
851 905 895 943 de
922 919 993 958 qua
1027 919 1171 949 sermo,
1203 907 1391 952 volumen,
1424 906 1562 959 pariter
1588 921 1669 944 cum
1695 907 1759 944 illo
1786 907 1966 946 medullae
1996 908 2150 960 spinalis

335 963 444 1001 modo
472 963 695 1014 adaugetur,
723 963 832 1000 modo
859 963 1094 1001 imminuitur.
1121 963 1271 1001 Ramuli
1288 972 1408 1001 autem
1427 964 1538 1001 hocce
1564 965 1768 1002 nutrientes
1789 965 1932 1012 viscus,
1961 979 2054 1017 quos
2082 981 2153 1005 ra-

335 1025 463 1060 mulos
490 1024 661 1069 spinales
681 1022 712 1069 ¹)
733 1034 846 1065 voco,
873 1020 918 1057 ab
946 1021 1105 1058 arteriae
1135 1021 1287 1072 parietis
1319 1029 1424 1073 parte
1461 1022 1563 1058 sulco
1591 1021 1755 1072 ejusdem
1781 1022 2041 1073 longitudinali
2068 1024 2155 1062 infe-

335 1079 427 1116 riori
462 1079 636 1128 contigua
668 1085 808 1115 tantum
846 1078 1085 1129 proveniunt,
1119 1085 1155 1115 et
1191 1079 1340 1116 vascula
1374 1079 1565 1116 innumera
1600 1079 1844 1125 constituunt,
1881 1094 1973 1132 quae
2008 1082 2153 1119 oculum

336 1150 409 1173 non
436 1143 616 1173 armatum
642 1135 866 1186 propemodo
894 1134 1191 1185 subterfugiunt,
1218 1143 1355 1187 etpost
1381 1135 1552 1173 dimidiae
1579 1136 1728 1174 circiter
1763 1138 1820 1174 vel
1856 1137 2010 1176 duarum
2043 1139 2154 1176 linea-

335 1207 417 1230 rum
442 1193 532 1236 iter,
560 1193 733 1244 pleraque
755 1192 910 1229 indivisa
941 1192 977 1229 in
999 1192 1061 1229 illo
1083 1192 1187 1229 sulco
1216 1207 1257 1230 se
1286 1193 1425 1231 abdunt
1445 1192 1491 1243 ²).

436 1253 598 1288 Arteria
624 1252 808 1288 bas-ilaris
828 1252 873 1299 ὅ).
907 1250 1012 1287 Haec
1034 1253 1066 1298 ²²)
1094 1250 1129 1287 in
1156 1250 1259 1287 sulco
1289 1250 1548 1301 longitudinali
1572 1251 1747 1289 inferiore
1769 1252 1949 1290 medullae
1974 1252 2156 1304 oblonga-

333 1316 393 1345 tae
420 1321 536 1359 usque
571 1307 615 1345 ad
642 1307 823 1345 thalamos
849 1321 1048 1345 nervorum
1077 1307 1284 1359 opticorum
1319 1309 1584 1360 progreditur,
1611 1323 1706 1361 pone
1733 1323 1846 1360 quos,
1873 1310 2041 1348 anfractu
2068 1325 2155 1363 quo-

334 1363 416 1400 dam
443 1364 605 1407 sinuata‚
632 1363 668 1400 in
697 1367 869 1402 arterias
896 1367 1223 1402 commmunia-antes
1246 1370 1491 1414 posteriores
1521 1370 1555 1413 ⁵)
1590 1366 1765 1404 dividitur
1786 1369 1842 1415 ⁶):
1871 1381 1962 1419 quae
1988 1383 2006 1404 a
2035 1382 2075 1405 se
2102 1368 2155 1405 in-

333 1421 450 1458 vicem
477 1435 517 1458 se
543 1421 594 1458 ita
620 1421 824 1467 divertunt,
853 1429 892 1459 ut
919 1434 1044 1459 arcum
1077 1421 1269 1473 quemdam
1309 1428 1465 1470 (arcum
1503 1425 1662 1461 Willisii
1690 1423 1856 1474 inquam)
1887 1430 1919 1470 ⁷)
1954 1424 2154 1476 eflingant,

333 1487 464 1530 postea
482 1492 569 1515 vero
596 1478 707 1515 simul
735 1493 816 1516 cum
843 1483 992 1517 arteria
1019 1482 1195 1517 carmide
1219 1483 1374 1518 interna
1401 1494 1482 1518 cum
1509 1494 1579 1532 qua
1605 1480 1711 1532 prius
1735 1482 2021 1532 conjunguntur,
2050 1490 2156 1520 orle-

336 1540 436 1573 riam
462 1539 801 1574 coammmicantem
821 1541 1057 1575 anteriorem
1075 1539 1109 1585 8)
1137 1536 1309 1575 efficiunt.

430 1593 491 1630 Ex
519 1596 669 1631 arteria
695 1596 861 1631 basilam·
882 1594 1070 1631 oriuntur:

537 1654 577 1699 a)
603 1651 754 1688 vascula
773 1650 818 1688 ad
843 1651 1039 1689 medullam
1071 1651 1328 1702 oblongatam,
1357 1661 1392 1690 et

534 1709 574 1755 β)
602 1712 750 1745 arteria
776 1710 1154 1756 cerebello—spinalis
1178 1715 1210 1758 ⁹)
1232 1724 1324 1761 quae
1345 1709 1389 1747 ad
1416 1709 1567 1748 eandem
1594 1724 1660 1748 nec
1688 1725 1760 1749 non
1790 1711 1833 1749 ad
1854 1712 2092 1758 cerebellum,
2120 1722 2156 1751 et

336 1764 381 1802 ad
408 1777 605 1816 processus
632 1763 676 1801 ad
703 1764 926 1802 cerebellum
954 1774 1143 1803 commeat.

390 1920 416 1953 ²)
445 1915 572 1945 Summa
603 1917 710 1945 horum
734 1920 920 1948 ramulorum
951 1920 1111 1956 spinalium
1140 1920 1296 1957 gracilitas
1328 1918 1503 1949 necessaria
1534 1926 1616 1955 erat,
1641 1931 1675 1949 ne
1707 1923 1851 1960 sanguis,
1884 1923 1918 1950 ab
1949 1924 2063 1952 arteria
2096 1928 2156 1951 tam

441 1978 550 2006 magna
573 1970 688 2005 ejectus
713 1971 987 2008 brevissimumque
1011 1981 1064 2009 per
1088 1972 1217 2008 spatium
1241 1971 1425 2005 decurrens,
1449 1972 1593 2000 medullae
1618 1973 1725 2010 spinali
1750 1974 1981 2002 concussionem
2005 1975 2155 2011 pernicio-

441 2030 505 2049 sam
539 2022 702 2051 intulisset.
732 2039 770 2043 —
795 2024 891 2051 Tanta
915 2027 1071 2059 praeterea
1095 2023 1275 2051 arteriarum
1299 2023 1456 2051 medullam
1481 2024 1626 2060 spinalem
1651 2025 1847 2052 nutrientium
1871 2026 2069 2059 abundantia,
2095 2035 2155 2053 mo·

440 2077 522 2100 tuum
553 2073 740 2101 alacritatem
771 2082 824 2102 nec
847 2084 902 2102 non
933 2075 1166 2102 irritabilitatem
1198 2075 1400 2102 muscularem
1433 2075 1595 2102 maximam
1619 2075 1697 2103 effici
1722 2077 1848 2113 quisque
1871 2078 2009 2114 concipit.
2034 2094 2075 2098 —
2097 2078 2156 2106 Ar—

438 2125 520 2151 teria
545 2126 679 2159 myelica
702 2125 846 2161 denique,
878 2126 936 2153 soli
961 2127 1099 2153 arteriae
1128 2127 1243 2161 spinuli
1273 2127 1428 2154 anteriori
1459 2125 1611 2160 hominis,
1643 2128 1880 2155 anastomosium
1912 2129 2065 2156 variarum
2090 2138 2156 2165 ope,

442 2182 538 2210 usque
571 2175 606 2202 ad
638 2175 727 2203 finem
760 2176 906 2204 medullae
936 2178 1061 2213 spinalis
1091 2177 1297 2210 continuatae,
1329 2176 1484 2213 eidemque
1516 2186 1621 2213 parum
1650 2179 1777 2215 analoga
1809 2188 1877 2206 esse
1901 2179 2029 2207 videtur.
2061 2179 2159 2216 Quum

442 2226 522 2253 enim
557 2227 585 2252 in
615 2228 736 2254 arteria
766 2229 881 2262 spinuli
907 2230 1087 2265 anteriore,
1117 2237 1192 2265 quae
1223 2228 1257 2256 ad
1287 2228 1446 2255 medullam
1480 2228 1627 2264 spinalem
1650 2229 1784 2264 spinalis
1806 2232 1900 2265 ῐοηρα
1922 2232 2064 2258 anterior
2086 2239 2157 2258 nun-

442 2277 546 2312 cupari
569 2277 701 2314 deberet,
721 2278 900 2315 sanguinem
923 2278 1065 2307 deorsum
1089 2279 1147 2307 labi
1171 2284 1307 2316 oporteat
1321 2278 1479 2315 (Theile
1504 2279 1705 2308 Gerasslehre
1728 2281 1756 2308 in
1782 2281 1834 2309 der
1857 2280 2156 2318 Sdmmering’sclien

441 2327 626 2366 AnMumie),
650 2338 755 2356 verum
779 2330 857 2357 enim
880 2339 952 2358 vero
977 2333 1098 2359 arteria
1113 2333 1248 2368 myelica
1271 2341 1286 2359 e
1303 2331 1396 2359 cauda
1418 2331 1453 2358 ad
1472 2336 1559 2368 caput
1575 2340 1685 2359 versus
1702 2333 1760 2368 (uti
1775 2332 1838 2368 jam
1858 2342 1895 2360 ex
1919 2343 1953 2361 eo
1974 2337 2063 2370 patet,
2081 2333 2159 2370 quod

441 2381 522 2408 rami
538 2382 679 2416 spinales
703 2381 731 2407 in
756 2390 821 2408 eam
845 2386 1017 2410 anti-orsum
1041 2391 1151 2411 versus
1175 2383 1358 2416 confluunt),
1382 2391 1420 2410 ex
1439 2383 1576 2419 opposito
1601 2391 1690 2422 ergo,
1714 2384 1890 2420 advehatur,
1914 2385 1940 2412 si
1965 2385 2033 2421 quid
2057 2385 2156 2412 analo—

443 2431 512 2469 giae
537 2431 613 2459 inter
638 2431 760 2459 easdem
783 2433 948 2465 restiterit,
973 2434 1067 2470 quoad
1094 2435 1185 2461 situm
1208 2438 1322 2461 tantum
1346 2434 1447 2461 valere
1471 2439 1581 2470 potest.

389 2479 414 2519 ³)
437 2481 523 2510 Hanc
547 2483 689 2511 arteriam
713 2483 835 2511 basilari
860 2484 990 2512 hominis
1014 2486 1199 2514 conformem
1232 2484 1346 2519 habeo,
1380 2490 1439 2513 tam
1462 2485 1608 2513 decursus
1632 2486 1679 2513 sui
1713 2486 1837 2515 rationis
1861 2495 1953 2515 causa
1977 2496 2063 2523 quam
2089 2487 2158 2523 quia

445 2534 622 2571 sanguinem
652 2544 689 2562 ex
712 2535 833 2562 arteriis
868 2535 968 2564 haurit
992 2537 1222 2567 vertebralibus.

393 2581 420 2622 ⁶)
444 2583 547 2612 Hosce
571 2594 693 2621 ramos,
717 2588 847 2615 arteriis
872 2587 1046 2623 profundis
1073 2590 1194 2617 cerebri
1225 2588 1354 2616 hominis
1383 2588 1548 2625 analogos,
1582 2590 1852 2617 communicantes
1880 2590 2076 2625 poslerc'ores
2110 2589 2157 2617 de-

444 2636 583 2670 nomino,
604 2638 673 2672 quia
703 2647 808 2666 eorum
840 2647 894 2675 ope
918 2640 1012 2675 partis
1036 2640 1216 2676 posterioris
1247 2639 1402 2676 encephali
1435 2640 1561 2676 sanguis
1585 2648 1651 2668 cum
1677 2640 1726 2668 illo
1749 2642 1843 2677 partis
1868 2640 2002 2676 ejusdem
2023 2642 2155 2669 anterio-

444 2687 487 2713 ris
511 2688 644 2716 confluit.

395 2738 419 2773 ⁷)
445 2738 496 2765 Sic
528 2738 697 2772 dicendum,
722 2741 790 2776 quia
814 2741 879 2776 ejus
899 2750 953 2777 ope
977 2744 1099 2770 arteria
1123 2743 1272 2770 bas-ilaris
1296 2746 1324 2769 et
1347 2744 1466 2770 carolis
1489 2744 1618 2771 interna
1641 2743 1804 2773 confluunt.

387 2869 411 2909 ι)
435 2872 501 2908 Fig.
527 2872 595 2900 vn.
619 2873 649 2901 2.
675 2889 711 2893 —
736 2871 760 2911 4)
785 2874 851 2910 Fig.
876 2874 915 2903 ν.
940 2873 968 2903 9.
992 2875 1058 2911 rig.
1083 2874 1136 2902 τι.
1160 2875 1188 2903 2.
1213 2875 1279 2912 rig.
1304 2875 1373 2903 vn.
1395 2875 1424 2904 o.
1448 2891 1487 2895 -
1511 2876 1536 2910 ε)
1559 2876 1625 2913 rig.
1651 2875 1703 2904 Π.
1727 2875 1756 2905 [ι.
1780 2875 1880 2913 4.Fig.
1906 2876 1971 2903 vn.
1999 2875 2045 2905 10.
2060 2875 2157 2906 10.—

445 2923 470 2957 ⁸)
494 2924 562 2960 Εἰς.
589 2924 640 2951 v1.
668 2923 715 2957 13,
739 2925 804 2962 rig.
829 2926 897 2954 vn.
924 2926 970 2955 11.
997 2926 1044 2955 11.
1069 2942 1108 2947 —
1132 2924 1156 2963 ⁹)
1181 2926 1246 2963 rig.
1274 2927 1328 2956 vi.
1353 2925 1383 2957 3,
1407 2927 1472 2963 Fig.
1499 2926 1567 2957 vn.
1592 2927 1621 2957 7.
1645 2927 1675 2957 7.
